2682 3920
177 225 260 289 146.
615 220 752 276 vacum

173 395 311 453 ferinam.
361 390 508 449 Pellinem
539 409 656 466 quoque
685 391 762 448 turis
793 389 981 448 acetabulum
1010 390 1132 464 plenum
1160 390 1193 446 in

173 482 243 542 vinc
275 483 461 538 maceratum
492 478 626 537 infundis
662 479 689 537 ei
720 478 821 537 triduo
856 497 910 554 per
941 495 1027 536 nares
1060 477 1193 555 singulas

140 571 298 646 5c0tylas.
339 569 430 627 Betae
454 569 546 626 etiam
573 585 716 642 excoques
748 569 778 624 et
807 585 915 641 aquam
946 585 1049 625 earum
1072 566 1109 625 sd
1132 567 1193 626 tres

175 659 300 734 cyathos
324 657 482 731 suffimdes‚
505 659 535 715 et
558 656 705 715 exercebis
725 675 792 714 eum
813 656 937 733 singulis
961 655 1072 714 diebus.
1113 653 1193 713 Ven-

174 751 252 806 trem
275 765 393 822 quoque
417 745 513 804 eidem
532 745 720 822 expurgabis‚
743 747 777 802 ut
800 745 955 803 auferatur
972 745 1079 803 humor
1101 743 1192 818 pessi·
1221 761 1234 801 s

142 837 250 910 (imus,
274 837 326 910 qui
349 833 500 894 descendit
522 834 555 892 in
578 852 676 894 venae.
722 833 788 892 Hoc
810 852 902 910 genus
930 833 1118 910 purgationis
1142 831 1193 889 ad-

175 923 303 983 hibebis:
333 922 431 999 thymi
461 922 649 982 acetabulum
679 923 801 998 plenum
829 923 862 980 in
890 922 961 982 vino
990 921 1085 980 veteri
1114 918 1194 979 dulci

175 1012 339 1073 macerabis
370 1015 401 1070 et
430 1012 563 1090 singulas
592 1011 705 1086 cotyles
734 1029 788 1087 per
817 1029 903 1070 nares
928 1010 1022 1068 eidem
1051 1009 1194 1093 infupdis,

176 1103 298 1161 faenum
315 1098 410 1158 viride
430 1100 568 1176 adponis3
588 1099 693 1175 quodsi
712 1099 849 1173 debuerit
867 1101 977 1158 siccum
995 1101 1075 1158 nitro
1095 1116 1193 1174 esper-

176 1210 243 1251 sum
265 1189 358 1248 dabis.
402 1187 434 1248 Si
457 1189 533 1247 nihil
555 1189 724 1264 profecerit,
748 1190 894 1249 castretur
917 1191 947 1246 et
969 1189 1043 1246 vitio
1067 1187 1193 1246 carebit:
1208 1205 1236 1244 rc

176 1297 246 1337 nam
268 1273 403 1355 podagra
424 1297 492 1336 raro
515 1280 604 1337 verat
627 1278 784 1348 eunuchos.

394 1484 485 1550 LIV.
508 1484 559 1549 De
581 1483 741 1550 ortbocob's
763 1486 827 1550 sive
848 1483 973 1550 stilosis.

78 1628 117 1668 111
126 1629 152 1668 ⁵4
163 1627 230 1668 Schn.
277 1613 438 1674 Orthccola
462 1615 553 1672 etiam
575 1614 710 1672 iumenta
737 1613 785 1672 vel
809 1615 912 1673 stilosa
935 1611 1087 1687 dicuntur,
1118 1631 1195 1688 quae

178 1705 411 1763 contractionem
433 1717 594 1760 nervorum
615 1702 773 1777 patiuntur
794 1703 827 1760 in
853 1701 978 1779 pedibus
1002 1706 1032 1761 et
1054 1701 1091 1762 de
1114 1703 1194 1779 capi·

179 1792 260 1850 tibus
279 1792 459 1868 ungularum
478 1791 595 1848 calcant
613 1791 644 1847 et
662 1793 732 1849 sunt
749 1789 856 1866 rigidis
879 1791 1014 1850 articulis
1040 1793 1071 1849 et
1088 1793 1194 1867 planas
1209 1809 1237 1849 1s

145 1880 308 1958 lungulas
339 1881 374 1937 in
404 1879 516 1936 terram
548 1896 657 1954 ponere
689 1897 750 1939 non
781 1881 913 1956 possunt.
969 1879 1053 1948 Quod
1085 1882 1195 1940 vitium

178 1970 312 2028 nascitur
339 1987 374 2026 ex
402 1969 579 2026 enormitate
609 1985 732 2026 onerum
762 1971 792 2026 et
820 1968 922 2028 labore
951 1969 1195 2045 confragosarum
1293 1997 1295 2000 ·

176 2060 302 2116 siarum.
346 2056 404 2115 Sed
429 2057 486 2114 hac
513 2057 630 2116 ratione
659 2059 813 2116 curantur:
841 2057 1016 2134 sanguinem
1045 2058 1073 2115 ei
1103 2057 1195 2116 desub

178 2149 255 2206 cirro
285 2147 334 2206 vel
365 2145 401 2204 de
434 2147 549 2205 coronis
582 2145 732 2219 detrahes,
763 2147 891 2224 unguriae
922 2144 997 2204 bene
1030 2164 1195 2223 compones,

177 2237 322 2312 pollinem
352 2254 386 2293 er
408 2233 519 2294 hordeo
543 2237 573 2292 et
594 2236 725 2293 resinam
748 2254 815 2294 cum
839 2236 969 2312 axungia
998 2233 1142 2310 decoques
1166 2235 1196 2292 et
1209 2253 1236 2292 ro

179 2327 225 2382 ter
254 2325 286 2381 in
314 2322 361 2382 die
392 2341 546 2400 perunges.
589 2315 702 2398 'lepida
734 2342 863 2399 quoque,
895 2325 928 2381 in
960 2342 1019 2398 qua
1049 2324 1195 2382 verbenae

179 2411 316 2471 decoctae
338 2412 460 2485 fuerint,
483 2411 653 2471 confovebis
677 2415 707 2470 et
729 2415 795 2470 tota
818 2411 881 2472 eins
904 2430 990 2470 crure
1012 2431 1106 2488 acopo
1128 2431 1195 2487 per·

146 2503 163 2559 3
180 2500 310 2558 fricabis.
351 2499 424 2558 Post
442 2497 505 2557 dies
519 2499 547 2555 V
564 2499 793 2575 cataplasmabis
812 2519 881 2558 enm
906 2519 940 2558 er
959 2500 1072 2575 polline
1092 2500 1195 2559 hordei

171 2590 210 2646 et
237 2589 294 2644 lini
326 2589 436 2646 semine
465 2591 495 2646 et
521 2589 602 2646 faeni
630 2587 737 2646 Graeci
764 2591 867 2664 aequis
896 2588 1032 2665 partibus
1062 2607 1097 2647 ex
1124 2590 1194 2647 vinc

252 2771 359 2826 10hir.
375 2789 397 2826 c.
414 2778 473 2827 387.
573 2772 681 2829 schir.
698 2791 720 2828 c.
737 2779 796 2828 388.
901 2780 935 2828 13
954 2774 1026 2830 Chir.
1043 2791 1065 2830 c.
1081 2780 1141 2829 389.

180 2850 214 2898 18
234 2842 306 2898 Chir.
322 2859 345 2898 c.
361 2848 421 2897 390.

252 3027 266 3076 1
286 3021 422 3091 pollinem
432 3052 465 3061 —
478 3026 510 3075 11
528 3021 669 3075 eunuchos
686 3039 736 3076 om.
752 3024 779 3077 P
793 3022 796 3094 t
813 3022 950 3091 pullincm
964 3024 991 3077 A
1007 3027 1011 3092 Ι
1027 3021 1057 3076 in
1076 3039 1126 3078 cm.
1141 3023 1169 3077 A
1187 3022 1197 3094 ll

181 3099 196 3146 2
216 3092 254 3164 ei]
274 3095 303 3146 et
320 3094 392 3164 vulp.
407 3094 446 3159 tlt
464 3092 556 3146 bletes
575 3093 603 3147 A
615 3095 625 3162 ΙΙ
640 3098 655 3146 6
674 3093 752 3146 venis
771 3095 798 3147 A

253 3170 286 3216 12
305 3163 432 3218 articulis
451 3164 511 3217 ΑΡ
528 3163 595 3217 still.
610 3165 681 3234 carly.
712 3167 721 3234 ΙΙ
752 3169 784 3217 13
804 3164 940 3218 artocolls
958 3165 986 3218 A
1004 3163 1125 3219 articula
1144 3165 1172 3218 P
1186 3162 1196 3234 ll

181 3240 215 3286 14
230 3233 265 3287 de
279 3251 329 3289 mn.
344 3234 454 3289 Pohe.
469 3236 478 3302 ΙΙ
493 3240 526 3288 15
540 3234 626 3304 rigidi
641 3235 753 3288 articuli
768 3237 807 3290 ed.
820 3253 862 3304 pr.
878 3237 906 3290 A
922 3238 926 3303 1
942 3235 1042 3304 plenas
1056 3237 1085 3290 P
1097 3233 1195 3304 plenas

180 3305 220 3358 ed.
232 3322 276 3373 pr.
291 3306 319 3358 A
335 3305 407 3359 Obir.
422 3305 457 3370 cf.
469 3323 498 3374 p.
514 3309 622 3372 147,23
635 3308 644 3374 ΙΙ
659 3311 691 3360 17
708 3305 743 3360 de
757 3322 799 3360 en.
814 3309 842 3360 A
858 3309 862 3376 Ι
878 3306 1034 3375 ponderum
1045 3308 1072 3361 P
1083 3307 1092 3375 ΙΙ
1107 3311 1141 3360 18
1156 3305 1196 3358 eis

182 3375 208 3428 d.
224 3390 300 3428 cerro
315 3375 360 3443 ΡΙ
377 3377 491 3445 sanguis
508 3420 513 3430 .
530 3419 535 3430 .
550 3377 680 3430 trahetur
697 3379 726 3431 A
740 3379 748 3445 ll
767 3383 799 3431 21
820 3379 849 3430 et
866 3379 979 3430 tantum
998 3377 1043 3430 die
1061 3395 1088 3446 p.
1104 3377 1150 3446 ΡΙ
1166 3376 1197 3428 in

182 3460 256 3512 equa
267 3485 273 3498 .
285 3486 290 3497 .
302 3461 366 3497 cum
383 3445 489 3500 fuerint
501 3449 529 3502 A
546 3447 667 3500 verbena
686 3448 712 3500 d.
731 3447 818 3501 fuerit
835 3448 875 3502 ed.
886 3463 932 3517 pr.
946 3450 955 3518 ll
970 3453 1003 3501 22
1022 3446 1129 3502 fovebis
1143 3449 1173 3503 P

182 3515 276 3570 omnia
294 3517 322 3569 A
347 3518 351 3584 Ι
377 3531 394 3569 e
413 3532 482 3585 cepo
501 3519 529 3572 A
542 3535 594 3572 oro.
611 3518 637 3572 G
655 3533 673 3570 a
691 3517 784 3586 capite
803 3535 897 3589 scarpo
910 3522 920 3588 ΙΙ
932 3519 973 3590 §5
988 3522 1059 3572 3—5
1077 3534 1128 3572 om.
1143 3519 1171 3573 P
1194 3519 1198 3590 l

182 3592 216 3640 24
234 3585 404 3654 ponderibus
423 3588 451 3640 A
