2682 3920
192 227 255 291 102
630 225 765 281 VEGE'I'I

189 398 315 471 quanter
332 395 462 455 offendet
485 397 515 453 et
536 398 601 454 toto
621 413 651 454 se
670 413 792 471 corpore
812 397 984 454 commovet.
1032 392 1122 453 cuius
1145 395 1204 451 ista

190 486 304 544 curatio
335 486 392 543 est:
423 484 512 543 bacas
535 485 615 543 lauri
638 504 665 542 n.
689 484 753 559 XX,
776 483 850 543 nitri
879 484 971 557 solib,
994 486 1079 542 rutae
1109 484 1203 540 mani·

188 573 304 648 pulum:
333 592 409 648 quae
432 575 532 632 omnia
560 573 718 650 diligenter
748 572 835 646 trita,
862 592 930 632 cum
953 573 1037 631 aceto
1060 589 1119 630 non
1142 573 1204 630 acri

188 664 219 720 et
237 663 302 721 oleo
321 662 433 739 optimo
452 680 572 721 rosaceo
586 663 746 721 commixta
763 661 859 720 hicme
875 660 1029 721 calefacies
1047 661 1203 736 penmcto-

187 771 244 826 que
268 751 332 810 oleo
358 753 456 826 capite
486 752 548 809 eius
580 754 610 810 et
637 751 755 810 cerebro
777 751 827 810 vel
857 750 997 809 auriculis
1027 748 1203 809 cerebellare
1232 770 1243 809 s

154 839 223 897 ide
246 840 349 899 lanata
372 840 449 915 pelle
478 839 637 898 convolvis.
684 838 765 908 Quae
793 840 819 898 si
842 839 919 898 forte
942 839 1104 912 defuerint,
1131 838 1202 896 fari·

144 921 147 946 ¹
188 947 258 987 nam
280 929 473 989 hordeaceam
496 929 684 1002 resinamque
707 927 855 1003 miscebis,
879 946 996 1003 exque
1019 927 1203 1003 cataplasma

188 1018 354 1076 confectum
378 1016 495 1076 cerebro
519 1019 636 1093 oportet
662 1018 784 1092 imponi.
830 1017 990 1075 Praeterea
1017 1035 1114 1076 ceram
1138 1015 1202 1075 oleo

188 1107 310 1182 cyprino
334 1106 489 1183 coniungis
513 1108 543 1165 et
564 1106 688 1164 linteolo
711 1106 790 1164 inter
808 1106 958 1164 auriculas
983 1106 1021 1164 ad
1043 1107 1135 1172 ceroti
1157 1106 1202 1163 in-

153 1196 250 1254 3star
278 1194 415 1271 imponis
462 1194 520 1254 Sed
550 1198 580 1254 et
609 1196 758 1270 reliquum
790 1213 896 1270 corpus
926 1194 1097 1271 potionibus
1126 1194 1203 1252 refo-
1217 1215 1243 1254 ιο

145 1315 148 1319 ·
186 1283 315 1342 vendum
339 1288 396 1344 est:
425 1286 484 1344 tres
508 1284 668 1344 fluviatiles
692 1300 812 1343 canoros
836 1286 968 1342 conteres
992 1283 1150 1361 diligenter
1173 1285 1203 1340 et

187 1390 253 1430 cum
283 1373 397 1432 duabus
426 1374 522 1432 unciis
550 1375 614 1432 suci
643 1373 787 1447 caulium,
817 1371 920 1431 addito
950 1373 1037 1431 lactis
1066 1373 1202 1446 sextario,

187 1462 244 1520 olei
263 1461 377 1522 duobus
397 1463 522 1538 cyathis,
540 1462 729 1537 permiscebis
748 1463 779 1520 ct
797 1462 929 1520 colatum
941 1479 995 1538 per
1009 1480 1041 1521 os
1056 1459 1202 1520 diffundes

186 1551 225 1608 ad
248 1569 347 1610 cornu.
390 1549 521 1619 Quorum
540 1552 567 1611 si
584 1550 686 1626 inopia
706 1553 758 1623 est,
781 1551 878 1608 mellis
898 1550 1021 1625 cyathos
1044 1549 1084 1626 Π,
1107 1568 1201 1625 aquae

186 1639 300 1698 calidae
324 1641 396 1698 sext.
415 1638 439 1712 I,
467 1641 545 1698 croci
568 1639 709 1714 cyathum
726 1639 751 1712 I,
774 1638 871 1715 adipis
894 1638 980 1698 lib.l
1004 1641 1137 1714 coquito,
1167 1657 1202 1696 ex
1217 1660 1243 1700 ιε

187 1727 294 1802 quibus
317 1728 453 1803 pastillos
476 1727 568 1786 facies
592 1730 622 1786 et
644 1729 677 1785 in
705 1745 783 1802 aqua
810 1727 923 1805 frigida
945 1727 1040 1787 diluas
1064 1730 1095 1786 et
1118 1727 1202 1786 dabis

144 1843 146 1847 ·
186 1818 218 1873 in
241 1818 353 1892 potum.
400 1815 556 1875 Praeterea
574 1818 601 1875 si
622 1816 719 1876 hieme
742 1815 867 1891 curabis,
892 1817 1021 1875 farinam
1043 1817 1202 1889 triticeam,

187 1907 213 1964 si
232 1906 353 1980 aestate,
372 1904 565 1964 hordeaceam
584 1923 678 1980 aquae
697 1903 824 1983 frigidae
843 1903 1011 1964 adinvicem
1029 1907 1123 1981 amyli
1135 1925 1202 1983 per-

185 1994 310 2052 mixtam
333 1996 364 2051 in
387 1994 508 2071 potione
530 1994 694 2069 praebebis.

477 2218 572 2284 VIII.
596 2220 646 2285 Dc
669 2221 781 2304 capitis
803 2219 912 2286 dolore.
1216 2247 1242 2285 sc

105 2359 239 2402 messan.
285 2350 330 2408 De
345 2350 452 2425 capitis
463 2349 563 2409 dolore
571 2351 661 2408 multi
676 2353 811 2410 auctores
820 2351 916 2408 multa
931 2349 1076 2409 dixerunt.
1111 2347 1200 2408 Unius

126 2501 128 2506 ,
178 2438 257 2502 ,haec
280 2442 350 2496 sunt
379 2439 478 2516 signa:
507 2441 607 2496 tumor
634 2440 712 2497 eirca
736 2439 837 2498 oculos
861 2438 1031 2514 apparebit,
1058 2437 1202 2515 pabulum

185 2526 345 2600 recusabit,
377 2527 480 2604 lingua
518 2527 579 2585 eius
617 2529 647 2586 et
678 2528 814 2603 palatum
850 2527 990 2603 labiaque
1027 2527 1200 2604 turgebant3

257 2719 273 2766 6
293 2711 365 2766 Chir.
386 2730 407 2766 c.
428 2718 480 2767 264
500 2713 533 2766 cf.
549 2713 606 2768 Pel.
626 2731 648 2768 c.
665 2720 706 2768 51.
827 2721 860 2770 14
879 2714 952 2769 chir.
973 2731 996 2767 c.
1018 2719 1069 2768 aab
1088 2714 1122 2768 cf.
1143 2711 1200 2767 Pel.

186 2802 208 2838 c.
224 2790 267 2850 bl,
283 2789 324 2837 63.
402 2788 434 2837 21
455 2782 528 2838 chir.
544 2801 567 2838 c.
583 2790 634 2838 268
653 2787 784 2856 (Farnax)
803 2791 855 2841 266
874 2786 1040 2856 (Absyrtus).

259 2969 273 3015 1
293 2963 349 3016 ista
368 2979 418 3016 orn.
434 2963 461 3015 A
475 2964 513 3029 l2
533 2961 581 3016 lib.
598 2965 655 3018 Pel.
674 2966 683 3032 ΙΙ
702 2969 718 3017 3
739 2980 803 3017 acro
822 2965 861 3018 cd.
873 2980 918 3032 pr.
934 2966 995 3018 AP
1011 2980 1073 3017 cum
1092 2979 1117 3016 a.
1137 2979 1201 3016 acro

187 3034 259 3088 cciv.
274 3036 284 3102 ΙΙ
298 3038 315 3086 4
329 3049 407 3087 roseo
418 3035 445 3086 P
459 3034 531 3088 Obir.
542 3032 651 3088 laurino
662 3035 720 3090 Pal.
735 3038 744 3104 ΙΙ
758 3042 774 3088 6
789 3033 958 3089 cerebellum
967 3037 1038 3106 caly.
1053 3037 1062 3104 ΙΙ
1077 3041 1092 3089 6
1106 3033 1202 3088 lavata

186 3105 226 3158 ed.
236 3121 281 3172 pr.
296 3107 335 3174 l⁸
355 3103 504 3159 confestim
523 3107 568 3174 ΡΙ
583 3105 652 3174 poni
671 3107 699 3160 A
720 3108 723 3175 Ι
744 3108 891 3174 praeterea
909 3123 967 3175 usq.
986 3108 1024 3161 cd
1041 3109 1123 3173 finem
1140 3122 1200 3173 cop.

185 3192 236 3230 om.
252 3177 280 3228 P
300 3177 309 3244 ΙΙ
332 3179 348 3227 9
368 3190 499 3229 ceronam
518 3177 545 3230 A
568 3178 577 3245 ΙΙ
600 3183 634 3229 10
653 3176 762 3244 reliqna
781 3178 809 3231 A
831 3178 840 3246 ΙΙ
871 3183 963 3231 12.13
983 3176 1202 3231 duabus—olei

186 3262 236 3301 oca
252 3247 280 3299 A
293 3245 354 3300 iure
369 3246 492 3300 caulium
506 3264 600 3318 scarpo
617 3248 656 3302 θ’
669 3250 679 3317 ΙΙ
693 3253 725 3300 13
746 3247 880 3302 diffundis
895 3249 923 3302 A
936 3251 945 3318 ΙΙ
960 3254 993 3304 16
1013 3247 1087 3302 croci
1096 3247 1142 3302 c.I
1156 3248 1200 3300 ad.

186 3315 234 3370 lib.
250 3316 263 3368 Ι
281 3318 308 3372 A
324 3318 397 3373 occ.
418 3336 453 3371 cr.
475 3319 557 3388 scrip.
578 3319 637 3388 apii
660 3318 774 3372 seminis
798 3319 880 3389 scrip.
895 3319 921 3373 H
940 3321 996 3374 Pcl.
1012 3337 1062 3374 oca
1082 3319 1122 3374 ed,
1133 3318 1195 3387 pal

187 3392 219 3439 1v
239 3389 383 3513 papaveris
397 3391 437 3444 ed.
449 3407 493 3457 pr.
512 3393 522 3459 l
544 3395 576 3442 18
592 3389 683 3442 adinv.
699 3406 749 3445 occ.
762 3391 790 3443 A
815 3393 819 3460 Ι
844 3390 945 3444 amulis
964 3390 1134 3460 permixtum
1147 3391 1175 3444 A
1193 3397 1202 3458 ᾗ

187 3463 220 3511 19
259 3475 276 3512 a
296 3458 320 3513 is
335 3462 363 3514 A

185 3599 203 3652 b
243 3535 289 3654 t21
309 3549 344 3584 m.
360 3534 468 3586 veteres
482 3550 517 3584 m.
534 3532 559 3584 d.
576 3533 604 3586 P
615 3533 624 3599 ΙΙ
638 3537 671 3584 23
691 3533 846 3602 burgebunt
860 3535 888 3588 P
903 3532 1055 3602 tingebant
1069 3532 1096 3585 A
1113 3534 1202 3585 tume-

205 3617 242 3653 nn
273 3603 313 3656 ed.
325 3620 369 3671 pc.
