2684 3926
485 223 625 277 MVLOM.
645 223 670 275 ll
691 229 830 276 lca—105
1102 223 1165 286 195

151 411 268 468 quoque
305 392 459 467 titillabiS,
498 395 533 450 ut
566 393 750 468 frequentius
787 395 946 451 sternutet:
989 411 1047 466 quo
1084 392 1164 452 facto

150 480 253 540 statim
277 481 499 542 exhilarabitur.

517 653 567 720 Ol
569 654 603 718 V.
627 653 677 717 De
699 656 792 718 cesta.

216 783 250 842 Si
259 783 441 843 aestuaverit
451 784 562 842 animal
577 786 608 842 et
621 783 816 842 defectionem
832 784 973 858 patietur,
984 782 1091 842 brassi-
1123 776 1269 870 3232&ss

121 891 199 931 scae
219 873 292 932 folia
307 891 374 930 cum
389 875 457 947 apio
478 872 640 931 contundes
660 875 777 930 etcum
795 871 859 929 vini
878 872 1006 930 sextario
1025 890 1091 947 per-

147 961 285 1020 miscebis
304 964 335 1020 et
357 981 411 1036 per
428 978 532 1020 narem
555 963 707 1020 sinistram
725 961 868 1018 infundis.
910 959 943 1018 Si
966 979 1036 1019 vero
1055 959 1162 1019 fortius

148 1051 340 1124 aestuaverit,
362 1051 549 1125 petroselini,
573 1050 689 1123 ermini,
713 1049 814 1123 dauci,
844 1049 908 1108 silis
932 1047 1054 1122 Gallici,
1078 1049 1163 1108 abro-

146 1142 220 1214 toni,
240 1141 302 1212 alii,
325 1141 517 1199 scinoanthus
537 1141 641 1214 aequis
659 1138 840 1214 ponderibus
858 1137 1026 1196 tunduntur
1044 1140 1074 1197 et
1097 1157 1164 1196 cum

147 1248 227 1304 aqua
245 1229 344 1287 mulsa
358 1227 430 1287 data
444 1229 482 1286 ab
497 1231 581 1287 aestu
599 1229 741 1286 relevant.
779 1227 892 1296 Quodsi
905 1229 950 1285 ita
968 1227 1015 1286 his
1029 1228 1162 1286 membra
1178 1230 1196 1285 2

107 1338 132 1376 ιο
147 1317 309 1376 defecerint
331 1320 365 1376 ut
388 1318 553 1385 concidant,
578 1317 754 1392 quibusdam
778 1317 879 1393 placet
904 1316 1048 1374 abstineri
1070 1336 1120 1376 eos
1144 1336 1162 1374 a

147 1409 220 1481 potu
244 1410 274 1464 et
296 1407 431 1465 sitientes
454 1408 485 1464 in
510 1425 589 1481 aqua
611 1405 722 1483 frigida
745 1425 806 1464 una
828 1406 901 1463 hora
924 1407 1016 1479 stare,
1040 1408 1070 1464 et
1093 1423 1162 1464 con-

145 1497 230 1554 tinuo
253 1499 439 1572 reparentur.
485 1495 549 1553 Alii
567 1495 708 1553 dixerunt
725 1495 918 1553 hordeaceam
943 1495 1071 1552 farinam
1095 1514 1162 1553 cum

145 1586 216 1643 vino
243 1603 297 1660 per
327 1603 418 1644 cornu
440 1583 576 1643 faucibus
606 1583 733 1642 infundi.
779 1584 918 1658 Plerique
948 1585 1062 1658 experti
1092 1588 1161 1641 sunt

145 1675 296 1733 triticeam
319 1676 448 1733 farinam
472 1692 538 1732 cum
562 1693 642 1748 aqua
669 1673 780 1751 frigida
804 1673 905 1731 datam
929 1673 1070 1731 continuo
1093 1691 1160 1748 pro-

105 1783 130 1822 ιι
145 1765 236 1822 filisse
268 1764 316 1822 vel
353 1765 430 1822 certe
464 1765 526 1822 tria
555 1782 613 1821 ova
647 1762 738 1821 cruda
773 1781 840 1820 cum
874 1761 974 1838 puleio
1005 1765 1035 1819 et
1068 1780 1161 1836 pusca

145 1853 268 1928 oleoque
291 1854 439 1928 permixto
462 1851 600 1912 faucibus
623 1852 805 1910 infuderrmt.
836 1895 839 1902 ,

481 2075 546 2141 GV.
569 2077 620 2141 De
636 2076 821 2158 paralytico.

212 2205 369 2281 Paralysin
396 2207 434 2265 ad
454 2205 682 2265 similitudinem
702 2207 857 2264 hominum
877 2208 1013 2264 iumenta
1033 2226 1085 2282 pa·
1117 2199 1257 2293 ξῇζῑεξξῗ

144 2297 271 2369 tiuntur,
291 2314 367 2370 quae
381 2295 427 2353 his
446 2294 614 2354 ostenditur
632 2296 738 2372 signis:
753 2293 920 2353 ambulabit
933 2313 1042 2369 pravus
1056 2296 1088 2353 in

104 2403 130 2442 eo
144 2385 238 2442 latere
252 2383 291 2442 ad
305 2383 532 2442 similitudinem
547 2385 655 2458 cancri,
665 2385 809 2442 cervicem
822 2383 1001 2458 incurvabit,
1014 2387 1050 2441 ut
1063 2383 1161 2443 solent

143 2473 251 2532 habere
271 2472 378 2548 quibus
393 2473 506 2532 fractae
521 2475 599 2546 sunt,
619 2476 716 2531 rectos
731 2472 819 2549 pedes
838 2473 956 2530 mittere
973 2492 1033 2531 non
1047 2476 1159 2548 potest3

183 2666 233 2785 34¹}
250 2659 307 2713 Pel.
323 2676 345 2712 c.
363 2665 422 2714 186.
487 2659 579 2714 6Pcl.
595 2677 617 2712 c.
634 2665 693 2713 187.
759 2659 965 2714 sPel.o.1ao.
1033 2665 1064 2712 18
1084 2659 1157 2713 Chir.

144 2749 166 2785 C.
238 2774 243 2784 .

217 2899 229 2945 1
251 2909 285 2946 ex
299 2909 355 2959 quo
369 2891 388 2944 f.
399 2894 426 2946 A
443 2894 448 2960 Ι
464 2908 519 2958 quo
534 2891 552 2944 f.
569 2890 751 2945 curabiturP
771 2893 780 2958 ΙΙ
803 2897 818 2942 2
834 2890 1008 2944 exhilaratur
1022 2891 1061 2944 cd.
1073 2907 1118 2958 pr.
1130 2892 1157 2944 A

215 2969 231 3016 6
250 2965 279 3017 et
293 2980 343 3018 om.
354 2964 381 3018 L
395 2964 404 3032 ΙΙ
419 2968 433 3015 7
448 2961 612 3032 petroselini
631 2963 731 3016 armmi
746 2963 830 3016 dauci
844 2964 870 3016 L
883 2960 1035 3030 petrosillii
1051 2962 1158 3014 armeni

143 3035 227 3089 dauci
243 3036 270 3090 A
289 3051 316 3103 p.
332 3038 361 3088 et
375 3033 459 3088 dauci
473 3033 581 3087 semina
595 3035 623 3087 P
638 3037 708 3102 petr.
725 3033 820 3086 daucii
838 3035 878 3088 ed.
889 3051 934 3102 pr.
948 3038 1019 3101 petr.
1035 3031 1157 3086 hermini

143 3106 258 3160 seminis
273 3106 357 3160 dauci
371 3106 428 3160 Pel.
443 3108 452 3174 ΙΙ
468 3111 481 3158 'l
498 3103 558 3158 silis
570 3109 630 3156 -8
645 3105 712 3158 scin.
725 3121 775 3160 om.
787 3106 832 3174 ΡΙ
849 3103 991 3156 similieG.
1004 3105 1095 3172 cdpr.
1106 3105 1134 3158 A
1148 3103 1157 3174 ll

143 3183 159 3231 8
175 3176 376 3232 aliscinoantus
387 3178 414 3231 L
424 3175 475 3230 alii
485 3175 648 3229 sinoantcea
657 3177 684 3231 A
694 3176 789 3245 spicae
799 3175 882 3228 nardi
892 3175 1030 3228 sinoantis
1041 3176 1081 3229 ed.
1088 3193 1133 3243 pr.
1152 3175 1154 3214 ἲ

143 3248 300 3316 acqualiter
318 3248 406 3302 tunde
424 3249 453 3301 et
472 3265 533 3301 cum
553 3246 645 3300 mulsa
664 3247 746 3300 detur
763 3249 791 3301 P
806 3249 809 3315 Ι
825 3246 949 3300 tundunt
967 3248 1038 3300 et..
1059 3246 1157 3300 datum

142 3321 170 3374 A
184 3323 193 3387 ΙΙ
208 3323 223 3372 9
239 3323 348 3374 aestum
362 3318 488 3372 relevant
497 3320 536 3374 cd.
544 3336 588 3387 pr.
600 3319 661 3373 AP
675 3319 679 3388 Ι
696 3317 805 3385 quodsi
819 3317 874 3371 ista
888 3336 924 3370 m.
936 3319 963 3371 A
977 3319 986 3386 ΙΙ
1001 3323 1032 3369 11
1049 3317 1157 3371 sitienti

143 3392 169 3444 L
183 3392 192 3458 ΙΙ
212 3396 243 3442 12
264 3390 389 3460 reparari
407 3391 446 3444 cd.
460 3407 502 3458 pr.
518 3392 546 3444 P
566 3392 576 3458 ll
600 3395 633 3442 15
652 3389 771 3458 triginta
790 3391 847 3444 Pel.
866 3388 922 3442 tria
941 3390 1022 3443 ettam
1041 3389 1129 3457 Hipp.
1149 3388 1157 3440 ll

145 3467 177 3514 16
195 3461 349 3514 infundunt
366 3463 406 3515 ed.
416 3479 461 3529 pr.

215 3538 248 3586 19
267 3532 454 3586 ostenduntur
472 3533 498 3586 L
528 3535 532 3601 Ι
567 3531 696 3584 ambulat
714 3547 828 3584 curvum
847 3532 875 3586 P
906 3532 909 3601 1
943 3547 1048 3598 pronus
1069 3532 1096 3584 A
1114 3549 1154 3599 pr.

144 3619 237 3673 maryo
257 3601 292 3656 al.
306 3618 410 3672 pravus
428 3604 467 3657 ed.
482 3620 524 3671 pr.
539 3605 548 3672 ΙΙ
562 3609 595 3655 21
615 3621 636 3656 r.
651 3604 738 3672 pedes
757 3619 813 3655 non
831 3604 937 3671 ponent
955 3601 995 3655 ed.
1007 3619 1051 3669 pr.

945 3691 997 3742 13*
