2668 3920
181 227 226 292 34
620 228 756 282 VEGETI

180 395 341 456 videndum
358 396 560 472 rapacissima,
584 416 659 472 quae
678 396 897 472 praedictorum
915 397 1086 458 morborum
1109 399 1195 476 signa

182 503 270 562 saepe
294 485 378 543 nulla
402 487 530 560 profert,
557 488 588 544 et
614 489 714 544 tamen
740 488 915 546 catervatim
944 506 1060 562 quoque
1086 487 1196 546 obeunt

181 573 280 632 subito
296 575 381 649 quasi
395 573 564 649 dysenteria
582 576 631 634 uel
647 575 807 650 praedictis
824 569 994 654 mortibus]
1037 575 1095 634 Sed
1108 578 1195 635 tanta

181 664 226 722 vis
244 664 338 738 ipsius
356 662 454 722 morbi
472 665 525 738 est,
548 666 583 722 ut
600 665 676 722 nihil
695 664 833 739 expediat
852 666 963 723 omitti:
982 683 1052 723 nam
1071 683 1194 743 gregum

180 752 212 810 in
231 753 349 827 pascuis
367 752 501 811 funestus
519 752 667 827 interitus,
687 754 861 812 animalium
880 772 996 829 quoque
1017 754 1049 811 in
1067 754 1192 813 stabulis
1219 773 1236 818 ‘a

180 843 290 900 mortes
313 842 485 899 innumerae
509 843 659 916 exipsius
683 844 859 920 contagione
880 843 1073 918 proueniunt,
1101 845 1132 900 et
1154 841 1192 900 ab

181 929 327 1006 imperitis
350 930 399 988 vel
422 929 641 1008 negligentibus
669 949 770 990 curam
801 935 854 990 aut
882 931 1000 990 diuinae
1023 930 1194 990 iracundiae

147 1020 369 1094 limputantur
392 1022 446 1077 aut
468 1020 541 1078 fatu.
586 1019 722 1095 Denique
749 1022 827 1080 sicut
853 1023 988 1096 superius
1011 1019 1194 1079 declaratum

182 1109 240 1181 est,
271 1107 308 1165 ab
331 1126 390 1167 uno
418 1109 543 1166 animali
569 1109 677 1185 incipit
703 1110 770 1185 ipsa
792 1110 936 1184 pernicies
964 1111 995 1168 et
1018 1111 1195 1170 festinanter

147 1196 221 1257 3ad
244 1198 408 1254 ceterorum
436 1197 546 1256 transit
573 1199 704 1256 exitium.
750 1198 912 1274 Propterea
941 1199 1010 1273 equi
1036 1198 1195 1274 separandi
1208 1221 1236 1260 ro

181 1303 297 1360 semper
329 1287 412 1359 sunt,
443 1287 475 1342 in
507 1286 614 1362 quibus
647 1285 775 1362 suspicio
803 1289 906 1346 tantae
938 1288 1030 1363 pestis
1063 1289 1194 1364 coeperit

181 1391 337 1449 apparere,
364 1393 457 1449 usquc
481 1394 515 1434 eo
542 1377 578 1433 ut
604 1377 696 1434 etiam
723 1395 847 1451 corpora
874 1379 1057 1435 mortuorum
1081 1377 1194 1435 anima-

179 1462 262 1537 lium,
277 1481 353 1538 quac
366 1463 470 1522 morbo
487 1463 589 1522 eodem
602 1463 781 1541 interempta
797 1466 917 1539 fuerint,
936 1464 1119 1541 exportanda
1133 1466 1194 1524 sint

163 1551 218 1610 'ad
241 1570 276 1610 ea
299 1552 377 1627 loca,
404 1571 459 1627 per
482 1571 557 1627 quae
588 1553 656 1612 aliis
684 1553 863 1613 animalibus
890 1556 1035 1613 transitus
1062 1555 1193 1628 nonsit,

180 1643 210 1699 et
233 1640 377 1699 altissime
407 1640 558 1699 obruenda
588 1641 642 1700 sub
672 1644 759 1702 terra.
805 1643 884 1701 Nam
907 1646 938 1701 et
959 1644 1109 1717 uiuorum,
1140 1644 1234 1718 quire

179 1731 313 1804 corrupti
327 1729 446 1802 fuerint,
461 1732 492 1787 et
504 1731 690 1788 mortuorum
704 1729 792 1789 odore
807 1732 1004 1808 foetidissimo
1018 1750 1091 1791 sana
1108 1733 1192 1807 prius

145 1817 312 1878 4iumenta
335 1817 521 1892 complentur
540 1837 574 1878 ac
596 1821 730 1895 pereunt.
778 1819 867 1879 Cuius
885 1820 982 1879 morbi
1005 1838 1108 1880 causas
1127 1820 1192 1895 plu·

178 1905 248 1964 rimi
275 1906 520 1966 mulomedicinae
550 1910 685 1968 auctores
712 1909 833 1968 reddere
856 1911 1091 1985 temptauerunt,
1115 1927 1192 1968 asse-

178 1997 277 2054 rentes
301 2015 336 2054 ex
365 1996 459 2054 nimia
483 1996 658 2056 lassitudine
681 2017 783 2057 cursus
814 1993 876 2076 [uel
906 1996 1012 2074 saltus]
1046 1998 1193 2058 uiolenter

250 2148 425 2216 Ssuperius:
457 2147 491 2202 cf.
511 2148 524 2201 Ι
544 2155 567 2216 1,
583 2155 606 2203 3.
645 2147 717 2202 thir.
736 2155 910 2216 c.1ee‚194.
1012 2155 1044 2203 17
1063 2149 1191 2204 Pelen

179 2218 220 2273 ci.v
230 2218 286 2273 Col.
302 2219 340 2274 VI
355 2225 397 2286 30,
413 2225 436 2273 3.

250 2367 265 2414 2
283 2359 400 2430 proffert
412 2363 440 2414 A
458 2361 583 2430 praefert
600 2362 680 2417 Saba.
702 2362 891 2431 {quandoque
905 2363 985 2418 Selm.
1008 2365 1018 2433 ΙΙ
1041 2368 1057 2416 4
1076 2364 1120 2416 est
1138 2379 1189 2416 om.

176 2433 205 2486 A
228 2436 231 2499 Ι
254 2449 386 2502 graecum
404 2432 432 2486 A
450 2449 564 2502 grecum
585 2432 610 2487 G
632 2436 641 2503 ΙΙ
664 2438 680 2486 5
698 2434 729 2486 in
745 2436 793 2488 ult.
812 2451 863 2488 om.
878 2435 904 2488 L
927 2436 937 2503 ΙΙ
960 2439 975 2487 6
994 2451 1068 2488 mors
1083 2476 1089 2488 .
1106 2477 1111 2487 .
1127 2450 1191 2502 prc-

176 2503 254 2557 uenit
272 2505 300 2557 P
316 2504 364 2571 qui
381 2503 543 2558 innumerae
562 2521 612 2558 om.
630 2503 633 2575 l
649 2504 795 2558 imminere
814 2506 842 2557 A
858 2509 861 2572 Ι
878 2505 1002 2574 ipsorum
1021 2506 1048 2559 A
1069 2509 1073 2573 1
1093 2520 1191 2573 prove-

176 2589 260 2680 nllne
277 2627 305 2680 A
331 2628 341 2695 ιι
368 2632 384 2680 c
403 2626 446 2696 ipi
461 2670 578 2682 ......
595 2629 631 2681 ae
648 2627 725 2682 rareio
744 2629 814 2683 Pru
825 2629 859 2694 cf.
874 2646 900 2697 p.
917 2628 1009 2682 xxv
1029 2632 1032 2695 ι
1055 2592 1119 2682 est
1136 2629 1164 2683 A
1185 2629 1188 2698 ι

177 2713 262 2766 supra
276 2697 304 2751 A
317 2698 357 2752 ed.
368 2715 413 2766 pr.
428 2701 438 2767 tl
452 2703 467 2750 9
487 2699 652 2753 animalium
670 2700 778 2769 incipet
790 2699 813 2755 S
825 2702 833 2769 ΙΙ
848 2705 882 2754 10
901 2699 1007 2753 exitum
1021 2700 1049 2753 A
1065 2704 1068 2767 Ι
1084 2701 1124 2754 sic
1138 2699 1200 2755 LS

176 2786 217 2838 ¹³²·
229 2783 382 2894 {tillut
397 2770 610 2895 lillanlb‘l
620 2770 984 2895 lepitlapltpiluhli
995 2770 1190 2896 *ittet

177 2858 229 2981 ἦ
242 2917 273 2965 11
289 2911 319 2964 in
333 2928 382 2965 oro.
393 2911 456 2965 AF
467 2914 477 2981 ΙΙ
492 2859 524 2964 ill
539 2883 636 2968 eo'ora.
651 2860 694 2982 Spu
709 2919 741 2966 13
756 2931 792 2966 m.
808 2913 906 2966 eodem
920 2913 942 2968 S
954 2929 971 2966 a
985 2860 1021 2966 nl).
1037 2860 1099 2968 eli
1114 2913 1150 2966 ab
1164 2929 1188 2966 e.

175 3001 211 3038 m.
227 2985 255 3037 P
272 2981 307 3036 ab
326 2982 376 3036 illo
399 3000 434 3035 m.
451 2983 515 3037 AF
525 2984 565 3038 ed.
576 3001 620 3052 pr.
646 2987 650 3053 Ι
676 2986 742 3038 sunt
758 2984 848 3039 SAF
867 2986 876 3054 ΙΙ
900 2990 933 3037 14
952 2983 1071 3038 aliorum
1090 3001 1114 3038 a.
1130 2983 1195 3039 AF

175 3054 215 3108 ed.
225 3071 270 3122 pr.
286 3055 295 3123 l
310 3059 342 3106 15
360 3053 497 3107 altissime
511 3054 562 3110 SL
576 3056 611 3121 cf.
627 3057 688 3126 ch,
701 3057 787 3124 11⁷2,
797 3059 833 3110 15
847 3054 998 3109 altitudine
1012 3057 1040 3110 P
1051 3054 1190 3124 profunde

175 3179 215 3233 ed.
225 3193 266 3246 pr.
279 3177 417 3246 profundo
427 3179 455 3232 A
471 3181 475 3247 Ι
492 3195 515 3232 ο.
531 3178 637 3252 sintSl
654 3179 750 3232 subter
762 3141 890 3250 panaleet
900 3179 926 3231 L
947 3182 950 3249 l
971 3195 1044 3248 quae
1058 3182 1190 3248 corrupta

177 3287 236 3339 AP
248 3285 288 3338 ed,
299 3302 343 3353 pr.
360 3265 407 3338 adr
421 3286 448 3354 (i.
465 3287 591 3356 corpora)
608 3288 645 3340 M
659 3288 669 3354 ΙΙ
688 3291 720 3339 16
740 3284 854 3339 fuerunt
867 3287 895 3340 A
911 3289 914 3356 Ι
932 3289 960 3339 et
978 3303 1027 3340 om.
1043 3287 1071 3340 A
1085 3287 1164 3340 Selia.
1182 3285 1185 3356 l
1281 3266 1284 3272 ¹

176 3356 289 3410 odorem
303 3356 324 3410 S
348 3356 351 3427 l
377 3355 544 3410 feditissimc
557 3358 584 3411 A
601 3361 604 3424 t
620 3357 710 3426 primo
725 3358 752 3411 A
766 3357 806 3411 ed.
817 3374 861 3426 pr.
881 3360 890 3426 ΙΙ
910 3363 942 3410 17
963 3357 1138 3427 complentur
1156 3373 1189 3410 ac

175 3480 202 3531 p.
217 3462 239 3517 S
257 3442 431 3531 complebitur
449 3479 482 3516 ac
500 3443 620 3532 perednt
637 3465 664 3518 L
682 3462 835 3531 implentur
854 3465 882 3518 P
899 3466 1114 3532 corrumpuntur
1128 3435 1192 3517 AF'

176 3535 215 3588 ed.
227 3550 271 3602 pr.
289 3534 293 3605 1
310 3549 408 3588 causas
427 3533 517 3587 morbi
531 3535 583 3588 SL
603 3539 611 3601 [Ι
634 3540 666 3588 18
685 3533 763 3588 nullo
783 3533 821 3602 pl.
840 3534 989 3588 mulomed.
1005 3536 1033 3589 P
1049 3534 1127 3588 nullo
1148 3532 1187 3602 pl.

175 3604 247 3659 med.
264 3607 302 3659 M
312 3606 346 3671 cf.
359 3622 388 3673 p.
404 3605 515 3673 ΧΧΙῙΙΙ
530 3610 563 3658 19
581 3604 626 3658 vel
645 3623 666 3658 s.
681 3621 731 3659 cm.
746 3605 864 3660 SLFP
