2684 3926
172 249 237 314 198
614 245 750 302 vassus

172 421 231 477 rito
256 422 286 477 et
308 437 399 494 supra
419 418 571 476 cerebrum
590 420 703 494 ponito,
727 420 876 492 caputque
896 417 1001 474 lanata
1023 415 1101 492 pelle
1120 433 1189 474 con-

172 509 312 585 stringite
333 510 490 566 curaturus
508 509 543 565 ut
561 506 657 565 calide
676 506 815 565 stabulos.
863 505 945 563 Talis
964 523 1082 580 quoque
1104 504 1190 579 potio

172 598 255 672 equis
293 597 431 656 subvenit
467 596 606 654 rabiosis:
643 596 731 654 bacas
768 596 848 652 lauri
880 594 935 667 IX,
972 594 1031 651 olei
1067 595 1191 670 purgati

172 704 267 764 grana
290 686 344 744 XX
366 685 399 744 in
428 705 522 744 unum
552 685 779 761 diligentissime
809 687 943 743 conteres
975 685 1095 740 etcum
1118 683 1190 740 vino

171 777 266 834 veteri
289 773 415 834 candido
439 795 492 850 per
515 793 617 832 narem
641 776 795 832 sinisiram
817 773 930 830 inicies.
1219 794 1233 832 e

503 982 529 1046 O
536 981 630 1046 VIII.
655 981 704 1045 Dc
724 981 856 1062 pletura.

64 1106 209 1200 ξῖᾗζζξξζῃ
257 1113 290 1170 Si
317 1113 474 1184 animalia,
504 1113 575 1170 dum
602 1112 723 1185 sudant,
754 1110 897 1170 hordeum
929 1110 1112 1169 comederint
1140 1109 1189 1167 vel

210 1205 308 1276 ipsum
338 1201 481 1260 hordeum
513 1219 623 1276 novum
653 1202 745 1258 fuerit
778 1201 849 1275 quia
876 1200 1081 1258 vehementius
1111 1197 1189 1257 calet

171 1291 218 1348 vel
238 1293 374 1366 copiosus
398 1309 488 1365 quam
514 1292 633 1366 oportet
654 1291 751 1348 otiosa
768 1292 941 1364 pascuntur,
965 1287 1077 1362 absque
1096 1287 1187 1345 dubio

170 1380 330 1457 indigestio
355 1381 385 1438 et
409 1379 529 1454 pletura
553 1379 754 1438 comitabitur.
801 1377 883 1446 Quae
903 1379 1002 1453 passio
1018 1377 1072 1436 ‘his
1096 1394 1186 1452 agno-
1204 1400 1232 1438 ro

171 1471 269 1528 scetur
298 1469 404 1546 signis:
433 1468 565 1541 sudabit,
588 1468 707 1545 inligati
738 1470 808 1526 sunt
838 1468 926 1540 armi,
950 1461 1116 1524 ambulabit
1142 1467 1188 1522 in·

171 1561 277 1616 certus.
320 1557 448 1634 Sanguis
475 1559 502 1616 ei
532 1557 568 1615 de
592 1559 704 1614 cervice
735 1557 920 1630 detrahetur,
950 1558 1034 1613 aceto
1064 1553 1187 1628 oleoque

170 1646 317 1723 permixto
340 1649 439 1704 totum
463 1664 569 1720 corpus
598 1645 825 1722 diligentissime
850 1645 1043 1718 confricatur,
1071 1641 1185 1702 levibus

172 1735 424 1794 ambulationibus
448 1734 625 1793 exercendus
649 1738 694 1792 est
717 1737 747 1792 et
770 1734 807 1792 ab
837 1734 947 1792 hordeo
977 1735 1096 1810 penitus
1120 1731 1186 1790 abs-

136 1824 318 1883 2tinendus.
366 1821 422 1881 Oui
456 1823 600 1882 eiusmodi
635 1823 772 1882 subvenit
801 1825 898 1898 potio:
933 1821 1081 1880 brassicae
1111 1821 1184 1879 folia
1201 1843 1228 1883 15

170 1913 332 1972 contundes
356 1931 518 1988 sucumque
550 1912 708 1988 exprimes,
738 1931 856 1970 murrae
884 1913 1050 1987 pulverem,
1078 1930 1184 1986 parum

165 2003 340 2078 liquaminis
364 2005 395 2061 et
412 2003 517 2061 vinum
540 2005 625 2060 vetus
649 2003 795 2077 optimum
814 2003 928 2076 misces
953 1999 1032 2076 quod
1055 2020 1109 2076 per
1131 1999 1182 2057 tri-

167 2093 259 2150 duum
281 2111 334 2167 per
353 2110 385 2150 os
405 2091 560 2164 defundes3
584 2093 628 2148 ita
647 2091 775 2168 digestio
795 2093 825 2149 et
847 2091 960 2148 sanitas
980 2091 1183 2164 consequetur.

239 2285 254 2332 2
273 2278 331 2333 Pel.
347 2297 369 2332 c.
386 2285 436 2332 407
459 2279 492 2331 of.
509 2296 530 2331 c.
549 2285 607 2331 399.
665 2285 678 2331 7
701 2277 773 2330 Ohir.
790 2295 812 2332 c.
829 2283 888 2332 358.
946 2283 979 2329 10
999 2275 1072 2329 Chir.
1084 2293 1105 2328 c.
1122 2280 1182 2328 359.

238 2463 252 2509 1
274 2461 385 2526 caputq.
401 2474 486 2526 nsque
509 2458 546 2510 ad
568 2459 649 2524 linem
668 2473 727 2524 cap
743 2472 793 2509 om.
809 2456 837 2509 P
865 2457 874 2524 77
908 2453 1023 2507 lcurat
1023 2449 1126 2506 urosu
1107 2456 1181 2506 uto.

153 2527 285 2590 ¹stabulis
300 2528 326 2580 L
345 2531 375 2582 et
393 2530 507 2582 curatur
520 2530 589 2580 uto.
611 2525 769 2580 stabuletur
783 2528 810 2580 A
830 2527 859 2578 ct
877 2529 974 2578 curato
993 2527 1099 2578 etcum
1118 2541 1182 2593 pro-

166 2599 297 2653 fecerito
300 2598 480 2652 ‚stabuletur
499 2600 538 2652 cd.
551 2617 595 2666 pr
615 2601 624 2667 77
645 2603 660 2651 3
679 2597 819 2651 roborosis
840 2599 866 2650 A
892 2598 896 2666 7
922 2596 977 2651 olei
997 2597 1023 2649 A
1043 2595 1099 2649 alei
1117 2612 1180 2650 socr

166 2669 227 2724 allii
247 2669 272 2722 L
292 2672 321 2723 et
346 2669 402 2722 alei
428 2671 467 2724 ed.
485 2688 527 2738 pr.
547 2670 633 2723 bocas
652 2668 670 2722 l.
691 2671 795 2738 purgat
797 2684 827 2721 as
854 2672 882 2722 ct
870 2667 1001 2722 tolcum
1020 2669 1076 2721 Pel.
1093 2667 1181 2734 Hipp.

165 2741 252 2795 alium
271 2745 425 2810 purgatum
444 2741 500 2795 Pel.
516 2759 537 2796 c.
553 2745 608 2794 399
622 2743 661 2810 774
681 2757 770 2810 grana
789 2756 839 2793 orn.
856 2738 882 2791 L
899 2741 902 2808 7
923 2738 1026 2809 viginti
1046 2741 1075 2791 et
1094 2756 1181 2791 unum

165 2812 318 2882 diligenter
335 2814 374 2866 ed.
386 2831 431 2882 pr.

237 2891 252 2938 6
272 2901 306 2938 cx
319 2884 424 2937 hordeo
439 2883 503 2938 add.
519 2884 559 2937 ed.
566 2901 610 2952 pr.
624 2884 651 2936 A
665 2885 674 2952 77
690 2887 703 2934 7
720 2881 894 2936 comederint
904 2887 964 2934 —8
980 2881 1116 2934 hordeum
1131 2897 1180 2934 om.

164 2955 190 3008 L
205 2959 214 3025 77
229 2961 244 3009 9
259 2958 289 3009 ot
290 2956 349 3010 iose
360 2971 466 3024 pascnn
468 2957 551 3008 turP
564 2964 572 3020 7
588 2960 620 3008 10
635 2953 795 3024 indignatio
811 2956 897 3022 atque
912 2971 938 3021 p.
949 2955 977 3007 A
994 2955 997 3022 7
1014 2955 1183 3022 agnoscetur

164 3080 198 3116 cc
216 3062 286 3115 -itur
304 3063 331 3115 L
349 3063 420 3115 -itur
438 3063 509 3132 culp.
543 3063 551 3130 77
586 3067 617 3113 11
639 3060 753 3114 sudabit
771 3077 822 3114 om
838 3061 865 3112 A
899 3063 903 3126 7
932 3025 1052 3128 inldgati
1072 3061 1138 3112 sunt
1156 3059 1182 3110 L

164 3132 248 3203 ligati
267 3136 334 3187 sunt
349 3132 413 3187 Al.
429 3137 511 3186 erunt
530 3133 569 3186 cd.
585 3149 628 3200 pr.
648 3133 678 3184 in
697 3131 759 3184 loco
779 3131 828 3184 ubi
847 3133 913 3183 sunt
928 3147 966 3183 ar.
982 3132 1027 3198 ΡΙ
1045 3130 1181 3184 incertum

164 3205 204 3259 cd
217 3223 261 3272 pr.
293 3207 303 3273 77
335 3211 368 3257 12
388 3204 576 3274 sanguinem.
594 3203 746 3256 ,detrahes
770 3204 809 3256 ed.
821 3220 865 3271 pr.
881 3204 909 3256 A
940 3205 950 3269 77
983 3207 1016 3254 13
1035 3201 1181 3270 permixtis

165 3278 205 3330 ed.
217 3293 261 3344 pr.
281 3275 451 3343 permixtum
469 3277 496 3329 A
516 3275 683 3344 sanguinem
706 3275 856 3328 commisce
874 3275 902 3327 P
926 3275 929 3342 7
960 3273 1131 3326 confricetur
1148 3289 1181 3326 ecc

166 3348 243 3398 atur
257 3348 283 3400 L
303 3347 475 3400 confricatur
489 3349 517 3400 A
536 3346 704 3399 confricabis
719 3347 758 3400 cd.
771 3362 815 3413 pr.
835 3344 988 3413 diligenter
1004 3344 1075 3398 frica
1089 3347 1117 3399 P
1133 3345 1182 3412 qut

165 3417 364 3470 levibus-14
384 3417 569 3470 abstinendus
591 3434 640 3471 orn.
656 3419 665 3485 77
681 3423 714 3469 14
733 3416 963 3470 exercendum
938 3423 963 3469 e
982 3415 1181 3468 abstinendum

165 3489 205 3542 cd
217 3505 262 3555 pr.
277 3490 304 3540 A
318 3491 327 3556 77
343 3493 375 3540 16
395 3487 554 3554 contundis
574 3489 706 3556 exprimis
721 3489 760 3540 ed.
772 3504 816 3555 pr.
833 3487 974 3544 Atunde
994 3487 1119 3555 exprime
1134 3488 1179 3555 Ρ7

166 3561 194 3612 ct
213 3577 249 3611 m.
264 3576 291 3626 p
311 3561 341 3611 et
359 3575 459 3626 parum
478 3560 517 3612 ed.
530 3577 574 3626 pr.
590 3561 617 3612 A
641 3561 649 3626 77
675 3563 705 3610 17
726 3559 832 3626 optime
851 3559 937 3610 misce
958 3559 985 3608 P
1002 3569 1009 3626 7
1032 3564 1062 3610 18
1082 3573 1133 3625 per
1151 3573 1181 3610 os

165 3647 215 3683 om.
232 3629 424 3698 leignatio
442 3629 469 3681 A
