2668 3920
161 189 200 244 VI
545 189 587 245 Do
605 189 783 244 editionibus.

159 377 244 434 posse
263 360 310 418 vel
328 359 427 434 potius
451 358 556 418 debere
575 357 705 418 dividere
724 360 756 417 in
775 377 833 418 sex.
879 357 923 417 De
948 377 1007 434 qua
1024 377 1057 418 re
1075 377 1171 434 pauca

159 448 251 507 liceat
272 447 333 505 iam
350 466 428 506 nune
446 447 586 523 proferre,
608 467 646 506 ne
664 450 768 523 postea
787 448 817 506 in
836 447 1001 506 tractandis
1020 447 1172 507 codicibus

158 531 243 595 nobis
266 555 366 595 morae
388 537 437 595 sit.

226 623 420 684 Schneiderus
439 627 518 684 enim
537 617 579 706 (p.
599 616 699 706 Sssq.)
718 626 848 700 primum
867 644 954 701 quem
972 625 1086 684 codices
1111 625 1171 684 edi-

158 715 313 788 tionesque
342 713 519 774 vetustiores
549 713 684 773 ferebant
713 714 823 774 librum
854 716 887 773 in
916 714 989 773 duos
1019 716 1171 790 separavit

159 805 317 879 propterea
339 803 418 878 quod
440 803 473 861 in
495 803 577 862 illius
598 803 669 862 iibri
691 821 754 878 cap.
775 805 863 878 29‚1
889 804 932 863 sic
953 803 1103 878 professus
1126 805 1174 863 cst

158 891 296 968 scriptor:
334 891 526 966 Quaecunque
547 895 701 966 passiones
723 893 795 965 plus
817 895 954 952 inruentis
975 894 1103 966 periculi
1125 895 1172 952 in

159 983 236 1054 ferre
254 985 462 1040 consueverunt
479 986 504 1040 et
522 981 739 1054 difficilioribus
757 983 1026 1054 obscurioribusque
1041 982 1173 1056 indigent

157 1072 250 1138 emis,
279 1071 334 1128 ltus
350 1062 482 1144 primo¹)
511 1071 711 1143 ampiectnnur
733 1071 820 1140 libro,
847 1074 928 1130 utet
950 1071 1069 1144 facilius
1091 1088 1172 1144 repe·

157 1161 278 1217 rimetur
298 1176 372 1232 puae
394 1161 427 1217 in
450 1159 576 1218 exordiis
597 1162 672 1232 ipsis
690 1163 839 1218 occurrent
861 1164 888 1219 et
909 1160 1065 1234 tepentibus
1086 1161 1171 1234 fasti

157 1248 240 1306 dium
268 1250 462 1321 nonpossint
490 1249 615 1322 adferre.
660 1247 761 1307 Primo
791 1249 885 1325 igitur
914 1248 991 1307 libro
1019 1265 1081 1308 sese
1109 1267 1170 1307 am·

158 1336 251 1411 plecti
273 1334 317 1394 ait
335 1335 477 1413 Vegetius
495 1336 646 1412 passiones
664 1337 845 1412 periculosas
865 1339 1001 1412 curisque
1020 1337 1170 1398 difficiles:

157 1443 209 1483 eur
231 1425 383 1500 amplexus
411 1427 464 1501 ait,
493 1427 557 1500 ipse
587 1427 699 1501 optime
727 1425 830 1484 eadem
856 1426 991 1486 iHustrat
1017 1427 1115 1486 verbis
1139 1427 1171 1484 in

156 1513 342 1589 praefatione
360 1515 453 1573 totius
477 1515 574 1589 operis
593 1516 698 1592 positis
717 1506 810 1594 his²):
833 1516 977 1590 indigesto
1000 1519 1027 1574 et
1047 1517 1170 1589 confuso

155 1607 225 1660 sunt
247 1605 346 1662 ounniu
370 1600 462 1678 [apud
486 1601 643 1662 Chironem
666 1597 821 1682 nimirum]
845 1607 878 1662 ut
898 1609 1016 1677 purtem
1039 1605 1171 1677 albuuin

157 1693 316 1750 eurenais
338 1694 487 1765 quaerenti
511 1709 622 1752 uuesse
648 1695 687 1751 sit
714 1710 813 1752 errare
830 1711 887 1766 per
909 1693 1020 1761 titulos,
1047 1711 1113 1752 cunc
1136 1694 1171 1752 de

157 1781 264 1839 eudem
280 1781 472 1854 passionibus
495 1781 557 1840 aba
574 1783 704 1840 remedio
725 1783 878 1854 incapite,
901 1783 964 1841 ulia
981 1783 1171 1840 nveniantur

156 1871 190 1927 in
211 1870 278 1940 fine.
323 1868 466 1947 Digerere
493 1869 587 1946 igitur
610 1870 677 1928 vult
704 1888 739 1928 ea
763 1888 838 1945 quae
864 1870 944 1946 apud
967 1873 1102 1929 auctores
1125 1870 1170 1928 in-

157 1959 280 2016 venerat
301 1958 459 2035 indigesta,
481 1961 517 2018 ut
540 1977 575 2017 ea
598 1977 675 2034 quae
697 1959 776 2017 inter
799 1977 830 2018 se
853 1959 1010 2018 cohaerent
1034 1977 1170 2035 quaeque

157 2045 194 2104 ad
223 2065 316 2105 unum
345 2046 528 2122 eundemque
559 2049 621 2106 sive
650 2047 785 2106 morbum
814 2049 965 2122 pertinent
994 2048 1056 2108 sive
1086 2066 1170 2106 cura-

155 2136 246 2196 tionis
269 2135 403 2210 modum‚
433 2138 591 2196 coniuncta
618 2138 734 2213 possint
762 2137 861 2214 legere
889 2136 1099 2212 commodeque
1126 2137 1171 2194 ‘m-

123 2249 128 2260 ·
156 2224 256 2283 venire
286 2225 313 2282 ei
343 2225 451 2301 quibus
481 2225 594 2284 sanitas
627 2227 830 2284 iumentorum
861 2225 943 2285 cordi
972 2226 1020 2284 sit.
1073 2226 1171 2304 Igitur

155 2314 287 2388 primum
305 2313 421 2392 colligit
440 2313 526 2392 signa
540 2306 570 2394 (Ι
585 2307 686 2396 1-9)
706 2333 849 2389 curasque
865 2307 895 2396 (Ι
910 2306 1054 2395 10-20)
1074 2314 1170 2374 morbi

156 2402 399 2477 periculosissimi
426 2403 479 2477 qui
501 2403 664 2462 vocabatur
690 2403 816 2478 maleus3
845 2403 988 2463 accedunt
1010 2405 1170 2478 praecepta

156 2490 192 2549 de
215 2491 403 2566 generalibus
425 2491 563 2549 remediis
587 2492 626 2548 ad
648 2510 749 2552 omnes
771 2492 889 2551 morbos
912 2492 1092 2551 utilissimis:
1121 2491 1170 2549 de·

155 2579 302 2637 tructione
322 2580 475 2656 sanguinis
495 2571 525 2660 (1
540 2572 685 2660 21-—27)
709 2583 739 2638 et
757 2581 793 2638 de
816 2581 933 2638 ustione
954 2572 1063 2660 (128).
1105 2579 1170 2638 lam

155 2670 321 2742 sequuntur
343 2669 494 2742 passiones
518 2687 553 2726 ex
576 2667 707 2727 febribus
736 2671 818 2727 ortae
837 2659 873 2748 (Ι
892 2669 1030 2728 29—36.
1054 2668 1085 2726 ΙΙ
1106 2670 1169 2726 1-

157 2748 307 2836 SSohn.).
349 2755 426 2824 Quid
455 2755 669 2816 Schneider-us?
713 2756 849 2816 Indicare
874 2756 1033 2834 Vegetium
1060 2775 1123 2816 sese
1152 2776 1170 2815 a

156 2844 266 2904 morbis
296 2845 512 2904 difficilioribus
542 2847 670 2904 transire
699 2845 736 2903 ad
764 2848 861 2904 minus
885 2864 1002 2924 graves3
1033 2850 1170 2922 oportere

156 2934 253 3010 igitur
275 2933 312 2992 ab
335 2934 390 2993 hoc
413 2936 510 3008 capite
533 2952 644 2994 novum
668 2934 791 3008 librum,
819 2933 991 3010 secundum,
1016 2935 1170 3013 distingui,

157 3021 237 3097 quod
259 3021 402 3098 vegetius
430 3021 497 3082 istis
524 3023 622 3082 verbis
654 3024 739 3099 quasi
767 3024 857 3098 primi
885 3024 956 3083 libri
986 3042 1170 3084 consumma-

154 3109 267 3168 tionem
285 3111 402 3187 reddat3
421 3111 486 3170 istis
506 3112 584 3170 enim
602 3113 675 3187 ipsis
694 3113 792 3172 verbis
812 3130 885 3186 quoe
900 3116 934 3172 in
952 3113 1078 3172 euordiis
1095 3115 1171 3186 ipsis

155 3204 305 3258 occurrent
316 3201 448 3258 indicare
458 3201 766 3277 scriptorem'initium
780 3203 851 3261 novi
859 3203 942 3261 libri!
974 3203 1011 3260 In
1021 3220 1080 3277 quo
1094 3202 1180 3260 mire-

245 3423 271 3490 1)
296 3423 355 3477 Uno
374 3421 461 3475 codex
478 3422 508 3476 P.
608 3425 634 3492 2)
654 3428 668 3490 ξ
683 3429 700 3476 4
719 3423 753 3479 of.
770 3424 855 3478 etiarn
869 3423 895 3476 11
910 3429 983 3490 36st
1002 3432 1034 3480 nt
1051 3425 1117 3479 ordo
1136 3427 1168 3479 in

155 3493 280 3547 medendi
293 3493 470 3562 dispositione
482 3501 601 3550 seruetur
614 3511 647 3550 ne
661 3495 797 3567 indigesta
812 3538 818 3549 .
835 3537 841 3549 .
858 3537 863 3550 .
875 3497 984 3567 popina
998 3503 1169 3566 quaerentem

150 3563 309 3629 confundat
326 3572 377 3621 ant
395 3565 491 3620 tardet.
