2682 3920
191 204 255 268 144
629 203 764 257 VEGETI

188 391 274 431 cruor
305 373 357 430 aut
383 373 486 430 tumor
516 374 641 430 emanet.
687 370 769 440 Quae
799 371 968 432 observatio
998 371 1117 432 etiamsi
1144 391 1206 431 non

188 460 400 537 persanaverit,
424 463 579 536 sequentes
602 462 704 519 tamen
728 461 851 519 adiuvat
873 478 967 520 curas.

362 685 399 749 L.
422 685 473 750 Dc
488 685 623 768 peditus
644 686 823 750 reumatiois
845 691 875 750 et
895 687 1034 751 ventosis.

97 825 166 868 mco
174 825 240 866 Schn-
285 815 440 874 Interdum
452 816 610 874 reumatioi
622 816 831 889 iumentorum,
845 815 995 874 interdum
1009 815 1125 875 ventosi
1138 817 1208 873 sunt

188 903 285 981 pedes.
322 904 404 974 Quae
428 905 504 964 vitia
530 923 684 980 nunquam
705 904 856 981 tangenda
881 907 952 963 sunt
974 905 1062 977 ferro,
1085 903 1137 964 sed
1159 923 1207 962 ex·
1236 923 1248 962 s

188 993 325 1052 siccanda
348 1013 402 1069 per
424 993 575 1070 malagma
597 991 645 1051 vel
668 994 833 1052 causticnm
855 995 885 1051 et
910 993 1071 1069 aliquando
1094 991 1207 1051 urenda

187 1082 295 1140 leviter
324 1099 414 1157 super
441 1099 545 1156 venae,
577 1084 613 1139 ut
641 1083 781 1140 cauteriis
811 1084 941 1156 meatus,
971 1083 1024 1156 qui
1052 1082 1207 1140 humorem

189 1169 364 1246 suscipiunt,
388 1172 584 1248 angustentur
607 1172 637 1228 et
660 1170 916 1248 constringantur,
939 1172 974 1228 ut
996 1188 1050 1246 pro
1074 1173 1208 1246 tempore
1286 1237 1289 1244 Ι

190 1258 317 1317 afferant
344 1258 536 1318 medicinam:
559 1260 631 1335 quia
653 1260 686 1318 in
708 1262 820 1332 totum,
850 1260 970 1318 etiamsi
996 1259 1153 1317 intercisae
1177 1262 1208 1317 et

190 1346 330 1406 adversae
354 1351 423 1406 sunt
446 1367 547 1422 venae,
570 1367 630 1406 non
652 1349 764 1422 poterit
787 1349 857 1406 talis
881 1367 970 1408 causa
992 1347 1101 1406 sanari.
1221 1367 1248 1406 ro

503 1571 561 1635 LI.
584 1572 635 1637 Do
657 1573 896 1655 impetiginibus.

99 1710 244 1753 11151Sohn·
290 1701 482 1778 Impetigines
498 1721 615 1778 quoquc
624 1704 657 1759 in
666 1704 801 1761 articulis
811 1703 859 1761 vel
873 1702 998 1780 genibus
1009 1705 1088 1762 inter
1101 1720 1207 1761 nervos

190 1790 460 1849 commissuralibns
487 1790 560 1850 locis
590 1790 754 1866 aliquando
786 1793 949 1850 nascuntur
980 1794 1011 1850 et
1037 1791 1072 1849 fit
1099 1791 1207 1850 vulnus

190 1878 287 1936 simile
316 1876 440 1954 ragadio
470 1882 500 1937 et
529 1899 589 1938 non
619 1881 707 1938 facile
737 1883 874 1953 sanatur,
908 1880 967 1938 nisi
1002 1879 1129 1940 staltiois
1159 1879 1207 1938 vel

190 1968 329 2043 stypticis
347 1967 443 2044 nabun,
462 1985 522 2026 non
540 1971 604 2027 sine
623 1968 793 2046 alligatura,
815 1969 863 2028 vel
880 1968 1031 2028 interdum
1050 1968 1248 2028 adustionem

190 2059 317 2116 curetur.
358 2055 523 2134 Malagmas
551 2075 669 2132 quoque
699 2058 907 2116 convenientes
937 2059 1055 2132 oportet
1085 2055 1207 2132 imponi.

521 2280 599 2345 LII.
623 2280 673 2345 De
695 2282 874 2363 liticinibus.

99 2420 244 2463 messene.
289 2409 426 2487 Uligines
449 2412 541 2470 etiam
562 2410 750 2486 inpeditus,
775 2411 907 2470 cruribus
931 2411 1138 2488 unguibusque
1160 2410 1208 2470 vel

191 2498 245 2556 sub
269 2499 359 2556 armis
382 2499 544 2573 aliquando
571 2503 764 2577 generantur,
793 2518 867 2575 quas
895 2500 1018 2575 quidam
1040 2498 1208 2558 dulcedines

262 2725 279 2770 4
299 2717 371 2772 Chir.
387 2737 409 2772 c.
426 2725 467 2773 51.
543 2726 575 2774 12
595 2720 668 2774 Chir.
684 2738 706 2775 e.
723 2726 765 2774 52.
841 2727 873 2775 18
892 2720 966 2775 Chir.
982 2737 1004 2774 e.
1020 2726 1062 2774 53.

264 2939 278 2985 l
297 2932 398 2986 humor
416 2934 523 2987 ltmius
538 2936 542 3002 Ι
560 2933 634 2988 enim
653 2934 678 2987 si
696 2934 776 3003 11112
796 2950 915 3002 sequens
934 2934 962 2987 A
1036 2957 1037 2962 ¹

263 3009 279 3056 3
299 3005 328 3056 et
350 3021 373 3056 v.
393 3005 421 3057 P
438 3003 495 3057 sive
513 3021 537 3056 v.
558 3007 629 3076 vulg.
650 3007 660 3074 t
683 3011 830 3074 tquoque
852 3005 923 3059 vitia
937 3005 964 3057 P
984 3006 994 3072 ΙΙ
1017 3008 1033 3055 6
1052 3001 1209 3070 malagmas

192 3075 231 3129 od.
242 3092 287 3143 pr.
302 3076 341 3142 117
360 3075 460 3130 leviter
477 3092 528 3130 om.
544 3076 572 3128 P
592 3078 597 3144 Ι
620 3092 703 3145 super
720 3093 805 3130 venas
825 3076 852 3128 P
870 3077 943 3132 onir.
960 3089 1095 3143 supernas
1114 3075 1141 3128 A
1160 3087 1210 3140 per

193 3161 276 3198 venas
291 3147 330 3199 cd.
342 3163 386 3216 pr.
404 3149 408 3214 Ι
425 3146 543 3200 cauterii
558 3148 597 3201 ed.
609 3163 653 3216 pr.
669 3149 749 3216 [1118
765 3149 797 3200 ut
811 3148 912 3201 constr.
927 3148 954 3199 A
971 3148 975 3214 Ι
991 3147 1023 3198 ut
1036 3147 1146 3199 meatus
1162 3145 1189 3198 P
1200 3143 1209 3214 t

193 3220 208 3268 9
228 3215 296 3282 quia
314 3217 338 3269 si
356 3217 386 3271 in
405 3220 424 3270 t.
444 3219 474 3273 et
496 3217 623 3271 intensae
647 3219 675 3270 et
694 3218 828 3272 adversae
851 3235 872 3271 s.
888 3236 912 3271 v.
931 3219 960 3272 P
976 3218 1111 3270 adversae
1129 3215 1210 3269 etiam

192 3287 220 3342 A
238 3288 380 3341 traversae
400 3289 472 3343 onir.
493 3288 611 3343 adustae
629 3291 669 3343 ed.
680 3305 724 3356 pr.

265 3361 298 3408 12
316 3356 346 3410 in
364 3358 483 3427 genibus
502 3359 546 3413 vel
563 3360 594 3413 in
614 3377 637 3413 a.
653 3361 681 3414 P
692 3361 701 3427 t
717 3365 749 3413 13
768 3358 894 3413 nascitur
911 3359 944 3411 ut
961 3358 989 3411 A
1009 3361 1019 3426 t
1041 3363 1074 3412 14
1093 3355 1210 3426 ragadia

193 3428 220 3481 P
235 3426 238 3497 l
255 3431 391 3482 sanantur
409 3431 436 3484 P
460 3432 463 3498 Ι
491 3431 616 3484 stacticis
635 3431 663 3484 A
685 3432 694 3498 t
718 3435 751 3482 15
770 3429 894 3498 ligatura
913 3429 945 3480 ut
963 3427 1013 3481 int.
1033 3427 1144 3480 ustione
1163 3443 1209 3479 cu-

193 3498 289 3552 rentur
308 3498 335 3550 P
346 3501 356 3568 t
371 3505 403 3552 16
422 3500 564 3569 malagma
583 3519 609 3568 q.
625 3500 821 3554 convenienter
839 3500 884 3566 ΡΙ
901 3498 1098 3552 convenientes
1116 3514 1167 3552 om.
1182 3500 1209 3551 A

266 3573 298 3620 17
318 3569 353 3621 dc
372 3569 479 3638 uligine
498 3571 516 3623 i.
532 3571 681 3626 dulcedine
699 3570 739 3624 cd.
750 3587 796 3638 pr.
811 3573 838 3624 A
852 3571 861 3638 ΙΙ
876 3574 909 3623 18
929 3585 984 3636 quc
1002 3586 1052 3625 orn.
1068 3568 1097 3622 P
