2684 3926
483 247 623 302 MVLOM.
643 248 668 301 11
689 253 748 314 129,
764 253 815 300 130
1091 246 1156 309 223

140 417 227 474 melle
251 417 402 476 defundes.
444 417 491 475 Ad
515 419 612 476 levem
638 417 745 475 tussim
773 416 901 476 viatoria
929 420 998 474 sunt
1022 421 1155 492 experta·
1173 419 1212 475 12

141 523 198 580 que
225 505 371 565 remedia:
399 525 503 582 porros
531 506 694 581 decoquere
723 509 754 564 et
781 524 848 564 cum
875 505 967 564 herba
994 505 1156 581 parietaria

139 595 213 653 bene
235 597 325 653 tunsa
348 597 471 654 miscere
498 596 645 670 factisque
672 595 804 672 pastillis
831 597 863 653 in
886 613 943 653 ovo
969 596 1101 653 resoluto
1126 597 1156 652 et

139 685 205 742 oleo
228 703 313 743 roseo
341 703 478 744 necnon
506 687 537 743 et
559 703 647 760 passo
678 688 708 742 et
735 685 824 742 melle
852 684 1027 742 convolvere
1050 686 1080 741 et
1102 702 1156 758 per

113 773 273 835 striduum
304 772 432 848 deicere,
465 793 628 848 sucumque
659 773 754 849 ipsius
784 775 859 831 iuris
890 775 922 830 in
952 790 1011 846 quo
1042 772 1156 831 decocti

140 867 210 920 sunt
249 864 333 938 porri
368 864 491 938 insuper
532 863 603 920 dare
644 881 697 938 per
738 881 837 920 cornu.
893 862 968 920 Item
1004 863 1083 920 laser
1117 861 1155 919 ad

138 951 375 1028 magnitudinem
393 952 480 1010 fabae
504 970 572 1010 cum
595 954 666 1010 vino
690 952 783 1010 veteri
807 951 921 1010 deteres
945 953 976 1009 ct
992 969 1047 1025 per
1065 969 1155 1008 cornu

139 1039 231 1099 dabis.
274 1039 362 1099 Tussi
381 1044 411 1099 et
427 1040 582 1118 gravedini
602 1040 709 1116 capitis
723 1040 901 1099 medebitur:
921 1039 1018 1098 oleum
1037 1057 1155 1097 roseum

139 1129 186 1187 vel
206 1131 284 1187 certe
303 1131 429 1204 simplex
452 1129 502 1189 sed
525 1130 620 1189 viride
640 1148 707 1188 cum
731 1147 810 1204 aqua
828 1129 925 1186 calida
948 1148 1002 1204 per
1020 1128 1155 1186 dextram

99 1241 124 1280 10
138 1236 241 1275 narem
263 1238 317 1292 per
339 1218 473 1276 triduum
497 1217 632 1277 defunde.

474 1425 618 1492 CXXX.
642 1425 693 1490 De
713 1426 819 1490 valeia

206 1555 315 1614 Vulsos
352 1555 501 1634 glutinare
539 1557 683 1632 creditm,
716 1556 741 1614 si
774 1556 927 1614 tracanthi
963 1575 1029 1616 unc.
1053 1555 1083 1612 Π
1115 1548 1260 1643 {lffiglsffiss

136 1645 233 1719 pridie
246 1644 387 1704 infundas
401 1647 433 1703 in
450 1645 556 1721 calida,
575 1646 657 1704 faeni
675 1664 794 1721 quoque
809 1643 915 1704 Graeci
932 1645 1084 1703 heminam

137 1737 168 1791 et
190 1732 246 1791 lini
269 1736 390 1792 seminis
417 1735 567 1794 heminam
595 1736 757 1810 separatim
779 1734 933 1807 infundas,
964 1734 1011 1792 die
1034 1737 1153 1809 postero

98 1845 122 1884 ιε
136 1823 169 1880 in
192 1823 318 1884 caccabo
341 1824 489 1899 decoquas
518 1827 548 1883 et
570 1824 684 1901 pariter
708 1827 802 1897 torae,
830 1827 899 1899 post
920 1824 1069 1882 medullae
1093 1843 1153 1882 cer-

137 1912 224 1970 vinae
243 1931 309 1972 uno.
329 1912 368 1988 ΙΙ,
391 1916 454 1972 sevi
472 1913 581 1972 hircini
598 1913 650 1971 lib.
669 1913 693 1988 I,
715 1913 825 1972 radicis
845 1913 1022 1972 draconteae
1046 1931 1111 1972 unc.
1130 1913 1153 1988 Ι,

137 2002 294 2075 gentianae
325 2021 390 2060 unc.
414 2002 438 2076 Ι,
469 2005 644 2061 centaureae
675 2021 739 2062 unc.
763 2001 787 2077 Ι,
818 2003 880 2061 sevi
907 2002 1020 2060 taurini
1050 2021 1115 2060 unc.
1138 2001 1153 2058 I

138 2089 302 2148 contundes
326 2093 357 2148 et
378 2091 453 2165 illie,
485 2110 561 2166 quae
589 2090 672 2166 prins
702 2092 810 2167 parata
833 2093 915 2164 sunt,
945 2091 1051 2150 addas:
1075 2110 1152 2166 quae

137 2177 237 2235 omnia
266 2179 298 2234 in
331 2182 475 2238 mortario
509 2180 610 2238 mittes
645 2183 676 2238 et
709 2179 876 2238 diutissime
913 2183 1054 2238 conteres.
1104 2179 1153 2236 Ad

96 2288 122 2326 ro
136 2265 276 2324 ultimum
295 2266 341 2324 HI
355 2271 427 2326 sext.
445 2270 528 2344 passi
546 2270 577 2327 et
595 2287 713 2343 aquarn,
731 2268 763 2325 in
783 2287 842 2343 qua
865 2269 986 2326 faenum
1005 2266 1152 2326 Graecum

136 2355 184 2414 vel
207 2373 307 2414 semen
329 2355 385 2414 lini
407 2358 506 2417 fuerat
526 2358 671 2431 infusum,
699 2357 809 2416 adicies
832 2359 863 2416 ot
892 2357 1037 2432 decoquas
1061 2361 1091 2416 et
1113 2357 1152 2415 ad

136 2463 229 2501 cornu
247 2464 300 2520 per
318 2445 452 2503 triduum
471 2446 564 2506 dabis.
606 2444 746 2505 Graviter
768 2448 928 2505 tussientes
948 2449 978 2505 et
1001 2447 1080 2505 vulsi
1097 2447 1153 2506 hac
1169 2451 1187 2505 2

208 2613 395 2668 1Pel.c.·76.
483 2615 674 2671 epotam.
760 2614 852 2670 8Pel.
869 2632 891 2669 c.
908 2621 951 2671 82.
1042 2622 1074 2669 12
1093 2615 1151 2672 Pel.

136 2703 158 2739 c.
174 2691 215 2739 84.
291 2691 324 2739 22
343 2685 400 2740 Pel.
417 2704 438 2740 c.
455 2693 489 2740 85
508 2687 654 2756 (llmeriti).

137 2790 296 2800 ——--—--

208 2854 220 2898 1
242 2845 383 2901 diffundes
406 2847 445 2899 ed.
460 2864 505 2915 pr.
523 2847 583 2900 AP
606 2851 610 2914 Ι
632 2846 736 2900 vituria
756 2847 782 2900 L
801 2847 941 2901 iuratoria
960 2850 988 2902 A
1012 2850 1017 2918 Ι
1043 2848 1150 2915 experi-

133 2921 229 2972 menta
242 2934 309 2971 rem.
319 2919 346 2971 L
357 2920 500 2986 expertaq.
508 2935 603 2988 margo
612 2919 652 2971 cd.
657 2935 701 2986 pr.
713 2919 872 2988 expeditaq.
884 2920 955 2989 culp.
970 2920 980 2988 ΙΙ
994 2925 1010 2972 2
1024 2936 1051 2987 p.
1063 2918 1150 2972 etiam

134 3007 222 3057 coque
236 2997 283 3044 ete.
299 2991 347 3060 Pl
361 2995 377 3041 3
392 2987 421 3041 in
437 2987 510 3042 olere
525 2988 617 3042 soluto
632 2991 659 3041 A
675 2991 679 3057 Ι
696 2992 725 3042 et
738 2989 774 3042 ol.
789 3008 810 3044 r.
826 3006 876 3044 om.
890 2991 918 3042 P
928 2992 937 3059 ΙΙ
952 2995 968 3042 4
983 2991 1012 3044 et
1026 2995 1084 3044 tert.
1099 3007 1149 3044 om.

134 3061 174 3114 ed.
183 3078 224 3128 pr.
241 3064 249 3128 ΙΙ
264 3066 279 3113 5
295 3077 349 3130 qne
363 3078 414 3115 om.
425 3061 464 3114 ed.
477 3078 520 3129 pr.
532 3062 559 3114 A
576 3063 579 3129 Ι
596 3059 685 3128 ipsius
699 3060 768 3114 iuris
783 3062 812 3114 et
826 3076 901 3129 aqua
914 3060 944 3113 in
959 3077 1015 3128 qua
1029 3061 1056 3113 L
1070 3059 1150 3114 uliris

134 3135 162 3185 ct
181 3148 285 3199 aquam
298 3131 328 3185 in
347 3148 404 3201 qua
418 3133 446 3186 P
457 3132 612 3199 subtusque
625 3131 716 3201 ipsius
733 3131 801 3185 viris
817 3135 847 3185 et
861 3148 935 3200 aqua
948 3131 979 3184 in
993 3148 1050 3200 qua
1064 3133 1092 3186 A
1105 3150 1151 3185 su-

134 3220 197 3256 cum
215 3203 305 3273 ipsius
320 3203 484 3257 conditurae
499 3205 556 3256 Pel.
571 3205 580 3271 ΙΙ
595 3210 611 3257 6
631 3219 745 3257 comum
761 3203 820 3257 LP
834 3206 838 3272 Ι
854 3202 929 3256 laser
942 3203 972 3255 id
992 3205 1035 3256 est
1053 3201 1150 3272 opium

134 3273 291 3342 syrenicum
310 3275 350 3330 cd.
362 3293 407 3344 pr.
423 3276 450 3328 A
468 3274 656 3343 (cirinnicum)
670 3276 679 3343 ΙΙ
698 3279 713 3327 9
733 3277 762 3328 et
780 3293 804 3328 v.
819 3275 859 3328 cd.
872 3292 915 3343 pr.
931 3276 959 3328 A
981 3277 990 3344 ΙΙ
1014 3280 1047 3327 10
1067 3273 1150 3328 diffu-

134 3363 195 3398 sum
214 3347 252 3400 ed.
265 3364 310 3414 pr.
326 3349 353 3400 A
372 3345 448 3416 (def.)
467 3345 592 3399 infusum
610 3346 742 3413 prodesse
761 3345 867 3414 poterit
885 3346 921 3399 ad
941 3345 1061 3400 salutem
1080 3346 1108 3398 P

205 3422 238 3469 12
248 3416 335 3470 vulsis
349 3419 438 3486 cdpr.
449 3417 545 3470 vulsus
555 3417 614 3471 LP
622 3434 647 3470 v.
657 3416 695 3486 gl.
706 3433 743 3470 cr.
754 3433 803 3472 om.
814 3418 842 3471 A
854 3420 863 3486 ΙΙ
879 3423 912 3470 14
922 3416 974 3470 lini
984 3433 1004 3470 e.
1015 3417 1087 3472 hem.
1099 3434 1149 3473 om.

133 3489 160 3541 A
176 3490 180 3556 Ι
197 3503 292 3541 semen
311 3489 338 3541 L
353 3490 357 3557 Ι
375 3489 400 3541 d.
415 3487 501 3542 tertio
514 3490 542 3542 A
556 3490 566 3558 ΙΙ
581 3493 613 3540 16
632 3487 734 3542 hircini
745 3493 823 3540 -17
838 3488 895 3542 sevi
914 3505 964 3542 orn.
980 3487 1007 3541 L
1020 3490 1029 3557 ΙΙ
1045 3493 1077 3541 1‘1
1093 3506 1113 3542 s.
1129 3493 1149 3543 t.

132 3575 194 3611 unc.
210 3559 234 3613 I:
256 3559 352 3613 omnia
369 3559 399 3612 in
417 3559 551 3613 mortario
568 3559 637 3613 trita
651 3560 738 3613 misce
755 3562 783 3612 et
798 3559 872 3612 adde
891 3558 989 3613 ultimo
1005 3559 1083 3628 passi
1098 3561 1126 3612 P
1141 3561 1150 3630 Ι

134 3635 167 3682 18
181 3646 254 3696 qnae
267 3631 383 3698 peracta
397 3633 463 3683 sunt
472 3631 499 3683 A
513 3633 521 3698 ΙΙ
537 3635 570 3683 19
584 3631 748 3685 mortarium
758 3631 798 3684 cd.
806 3647 850 3698 pr.
865 3634 874 3700 ΙΙ
889 3635 922 3682 22
931 3630 972 3703 §§
981 3635 1054 3686 2-4
1063 3648 1114 3684 om.
1125 3631 1152 3684 P
