2682 3920
175 204 240 269 124
615 201 752 256 VEGETI

173 376 253 432 rium
277 391 311 430 ex
333 371 421 430 melle
441 374 471 430 et
494 370 557 430 ervi
579 371 691 446 polline
711 371 865 429 decoctum
889 369 1015 428 subicies
1034 367 1073 427 ad
1095 370 1191 445 pleni·

175 460 310 520 tudinem
341 454 498 519 foraminis
535 459 638 519 diebus
668 459 814 536 plurimis.
868 459 916 518 Ad
947 458 1088 517 ultimum
1120 476 1191 517 sna·

174 549 351 625 pleroticum
373 549 433 624 ipsi
462 549 579 607 vulneri
605 548 789 608 medicamen
811 547 954 625 imponis,
981 547 1073 606 donec
1095 547 1192 605 omnis

141 639 267 715 3plaga
289 636 381 696 ducta
400 637 537 696 cicatrice
557 637 709 696 solidetur.
755 637 888 696 Fistulae
912 639 1013 695 autem
1034 635 1192 710 collyrium

174 727 366 785 hacreticus
385 725 533 785 conficies:
551 726 630 802 misy
648 744 713 784 unc.
732 726 756 800 I,
779 727 892 786 faculae
913 744 978 783 uno.
998 724 1023 798 1,
1041 723 1191 800 aeruginis
1220 746 1234 784 a
1327 737 1333 755 ¹

175 816 252 874 aeris
275 834 341 874 unc.
360 815 384 888 I,
407 814 570 873 battiturae
598 814 766 874 chalcitidis
793 832 860 872 unc.
879 813 903 888 I,
931 813 1043 872 cumini
1071 811 1191 870 seminis

175 922 242 963 unc.
261 903 277 961 Ι
299 906 377 962 teres
401 921 469 962 cum
492 906 577 962 aceto
601 904 752 978 acenimo,
776 905 806 962 et
829 901 990 962 secundum
1014 900 1191 976 qualitatem

174 994 340 1076 vulnerum,
363 1009 431 1050 cum
453 1009 523 1050 usus
547 992 686 1070 exegerit,
710 991 834 1066 collyria
857 991 1010 1051 formabis.

391 1197 543 1264 XXVII.
568 1197 618 1263 Dc
639 1199 827 1284 expositione
848 1198 978 1271 fistulae.

82 1338 230 1380 11127801111.
276 1327 408 1387 listulas
426 1331 597 1402 nascuntur,
616 1327 754 1404 quotiens
774 1345 881 1386 nervus
905 1331 958 1386 aut
976 1327 1122 1404 cartilago
1137 1329 1192 1385 aut
1206 1348 1234 1386 10

177 1435 209 1476 os
239 1417 424 1496 negligentia
453 1418 502 1476 vel
524 1417 676 1493 imperitia
706 1418 838 1476 curantis
869 1435 903 1474 ex
930 1417 1039 1493 plagae
1066 1416 1191 1474 alicuius

176 1506 280 1565 tabido
303 1505 426 1565 humore
449 1508 583 1564 vitiatur.
630 1505 713 1564 Tunc
736 1506 815 1564 enim
839 1523 899 1580 qua
922 1505 1131 1564 commeaverit
1154 1502 1193 1562 ad

175 1597 271 1653 instar
302 1595 430 1653 cuniculi
462 1613 580 1653 carnem
606 1593 728 1652 indurat
758 1597 788 1652 et
813 1587 939 1652 incallat
967 1596 997 1652 et
1026 1593 1061 1650 fit
1083 1593 1193 1666 fisbrla,

176 1703 253 1758 quae
276 1683 360 1741 nulla
382 1683 499 1741 ratione
522 1685 622 1742 sanari
643 1684 743 1759 potest
765 1701 819 1741 nec
847 1681 1009 1756 aliquando
1038 1681 1116 1741 coire
1139 1699 1193 1738 nec

177 1771 309 1845 solidari,
328 1770 386 1830 nisi
404 1773 523 1847 penitus
537 1771 692 1830 eximatur.
725 1771 821 1830 Huius
842 1791 859 1830 a
877 1770 1002 1829 diversis
1021 1769 1191 1830 auctoribus
1207 1789 1234 1828 15

142 1859 290 1919 2tradita
317 1861 362 1918 est
390 1859 509 1920 diversa
536 1861 658 1920 curatio.
700 1859 764 1918 Alii
791 1861 871 1917 enim
898 1860 1039 1935 scalpello
1067 1859 1194 1917 resecari

177 1951 207 2007 et
230 1949 340 2024 aperiri
362 1948 467 2008 iubent
489 1951 521 2006 et
543 1948 757 2026 syringotomio
780 1948 935 2008 decarneri
957 1946 1192 2006 medicamentis·

177 2057 235 2113 que
257 2037 409 2097 acerrimis
433 2037 576 2111 consumi,
599 2041 629 2096 et
652 2038 694 2097 sic
714 2038 904 2114 postmodum
926 2037 1033 2096 vulnus
1057 2036 1095 2094 ad
1117 2035 1192 2094 cica-

175 2127 282 2185 tricem
309 2128 395 2185 coira
448 2125 533 2196 Quod
565 2145 631 2185 curn
663 2124 774 2184 laboris
807 2143 841 2185 ac
873 2125 1052 2185 discriminis
1083 2123 1194 2184 habeat

143 2219 161 2274 3
178 2216 348 2292 plurimum,
366 2215 465 2274 minus
478 2218 580 2275 tamen
594 2214 722 2292 prodest.
759 2213 823 2273 Alii
836 2233 906 2274 vero
925 2213 1056 2274 cauterio
1076 2232 1193 2272 omnem
1207 2231 1234 2270 so

176 2304 309 2364 fistulam
331 2305 508 2363 inurendam
530 2305 702 2380 vicinasque
725 2306 826 2380 partes
850 2303 913 2362 eius
936 2304 1055 2379 punctis
1078 2303 1194 2360 ferven-

176 2393 257 2451 tibus
289 2393 522 2470 perrumpendas
555 2411 617 2452 esse
649 2394 810 2470 duxerunt,
840 2394 987 2467 quatenus
1015 2411 1068 2468 per
1093 2393 1193 2468 ignem

248 2567 265 2613 4
284 2560 318 2613 cf.
334 2559 402 2630 Veg.
417 2561 456 2614 111
476 2567 517 2615 16.
605 2566 638 2615 10
658 2560 826 2616 cainaea
916 2565 949 2613 13
969 2558 1041 2614 chit.
1058 2576 1080 2612 c.
1097 2563 1138 2612 95.

177 2637 212 2684 20
231 2629 303 2684 Ohir.
319 2648 341 2684 c.
358 2636 400 2686 96.
599 2643 602 2650 ’

249 2796 264 2844 2
283 2789 383 2844 ultimo
408 2790 584 2860 apostolicon
609 2808 644 2845 m.
669 2790 804 2860 imponis,
831 2791 919 2844 donec
942 2789 1020 2843 lacus
1043 2788 1132 2842 faciat
1154 2787 1192 2841 ci-

177 2863 312 2916 catricem
331 2863 359 2916 P
394 2863 404 2932 11
445 2861 544 2916 bmisi
559 2864 587 2917 A
606 2862 679 2916 anisi
697 2863 738 2916 ed.
749 2879 794 2931 pr.
810 2864 838 2915 P
875 2864 878 2930 Ι
915 2859 1025 2914 feculae
1039 2861 1067 2914 A
1085 2857 1193 2912 ferulae

177 2935 217 2988 ed.
228 2951 273 3004 pr.
288 2932 401 3002 piculae
410 2935 456 3004 ΡΙ
472 2932 570 2987 viridis
584 2933 657 2988 aeris
670 2935 698 2987 P
708 2935 718 3002 ΙΙ
732 2939 748 2986 6
763 2931 903 2986 battitura
912 2933 939 2986 A
953 2949 1003 2986 om.
1014 2933 1060 3000 ΡΙ
1077 2929 1192 2984 calcetis

177 3006 217 3059 ed.
228 3023 273 3073 pr.
289 3003 442 3058 colcitheos
457 3006 486 3058 P
502 3004 651 3059 calcatidis
669 3005 698 3058 A
713 3007 717 3072 1
734 3003 848 3058 seminis
867 3019 918 3058 om.
938 3004 967 3057 P
982 3005 991 3071 ΙΙ
1012 3007 1028 3055 8
1047 3001 1193 3054 vulnerum

177 3091 227 3129 orn.
242 3077 270 3129 A
287 3077 291 3144 Ι
306 3075 377 3129 trita
395 3092 459 3128 oum
478 3074 545 3128 forti
559 3077 640 3129 aceto
658 3075 745 3129 misce
764 3077 793 3128 et
806 3073 852 3128 fec
867 3073 966 3129 coliris
983 3089 1034 3142 pro
1053 3070 1193 3140 qualitate

176 3164 210 3213 v.,
229 3162 294 3198 cum
310 3163 337 3200 u.
352 3161 393 3199 ex.
409 3148 438 3200 P

249 3222 264 3268 9
285 3217 422 3285 expositio
437 3219 465 3271 P
477 3216 643 3286 compositio
653 3219 681 3271 A
696 3216 865 3284 conquisitio
882 3215 930 3284 Gn
945 3220 978 3268 10
993 3214 1088 3268 fistula
1101 3212 1193 3266 nasci-

176 3288 282 3358 turPl
299 3290 349 3341 aut
366 3305 440 3342 uerv.
455 3289 503 3357 ΡΙΙ
519 3295 551 3342 12
572 3287 664 3342 stadio
681 3287 707 3341 h.
723 3290 752 3342 P
769 3287 862 3341 studio
877 3288 905 3341 A
920 3289 924 3356 Ι
941 3301 1015 3354 quae
1032 3285 1108 3341 codd.
1123 3299 1192 3339 corr.

178 3358 260 3412 Gaea.
275 3361 284 3426 ΙΙ
299 3364 332 3411 13
347 3358 469 3412 obdurat
481 3361 510 3413 P
521 3361 530 3428 11
544 3365 579 3412 14
596 3358 641 3412 vel
656 3358 704 3412 sol.
721 3360 769 3427 Pil
784 3364 816 3411 15
832 3357 954 3412 solidare
968 3358 996 3412 A
1011 3358 1016 3422 1
1031 3354 1195 3410 huiusmodi

177 3429 205 3482 A
231 3431 241 3496 i
269 3433 301 3481 lc
322 3428 410 3482 secari
429 3431 457 3483 A
484 3432 493 3498 11
522 3435 554 3482 17
574 3429 723 3498 siringorio
743 3430 771 3483 A
790 3428 985 3499 stringotcmio
1009 3428 1048 3482 ed.
1064 3443 1109 3496 pr.
1130 3443 1195 3480 cum

176 3497 283 3552 rasorio
298 3499 326 3552 P
337 3501 346 3567 ΙΙ
362 3503 393 3550 19
412 3497 552 3553 laboriose
567 3515 600 3554 ac
615 3500 641 3554 d.
657 3500 685 3553 A
706 3502 716 3581 [Ι
731 3504 763 3552 11
783 3499 854 3552 inur.
871 3502 900 3552 et
913 3501 1009 3567 partes
1024 3497 1084 3551 eius
1103 3515 1130 3565 p.
1145 3498 1174 3550 P
1185 3495 1196 3568 11

177 3575 211 3622 21
229 3583 387 3636 praerump.
402 3571 474 3639 culp.
489 3585 557 3624 corr.
575 3570 646 3625 cuo.
664 3575 668 3637 1
685 3569 816 3623 drxenmt
833 3571 895 3624 AP
