2684 3926
653 188 788 242 VEGETI

403 423 536 490 CXLV.
561 423 599 488 sl
620 425 825 508 spbalougius
843 425 1036 506 percusserit.

104 546 250 643 ξξξξῇξξ
297 553 498 632 Sphelangius
522 557 548 614 si
570 557 737 614 iumentum
763 554 955 631 percusserit,
982 555 1029 613 his
1053 558 1233 631 agnoscetur·

249 645 358 721 signis:
389 646 450 702 stat
480 645 509 702 ei
535 647 685 703 veretrum
714 663 786 718 prae
816 643 918 703 dolore
946 646 975 702 et
1004 643 1125 702 videtur
1153 644 1232 702 velle

212 735 353 810 mingere.
400 731 456 791 Oui
485 732 545 792 ista
567 735 684 792 ratione
712 733 880 792 subvenies:
911 733 1021 808 piperis
1045 751 1110 790 uno.
1129 731 1153 806 I,
1176 753 1232 809 py-

212 823 287 880 retri
318 841 384 880 une.
404 821 427 896 Ι,
455 841 531 880 uvae
563 823 717 881 silvaticae
750 822 850 880 uneI
877 823 967 880 terito
1000 825 1030 880 et
1062 840 1131 880 eum
1160 822 1231 880 vino
1261 843 1273 882 s

212 913 307 970 veteri
329 931 383 986 per
405 912 506 970 fauces
530 911 609 970 dato.

485 1117 635 1184 CXLVI.
659 1117 710 1184 De
732 1141 819 1184 mure
841 1140 965 1183 oroneo

104 1241 250 1339 Ivffifisffin
295 1249 362 1308 Mus
386 1268 513 1308 araneus
535 1252 627 1326 pestis
652 1253 697 1308 est
723 1252 870 1308 venenata
894 1252 924 1306 et
947 1253 1010 1310 tam
1034 1252 1117 1325 equis
1141 1269 1232 1326 quam

211 1375 216 1382 ,
250 1338 343 1398 bobus
375 1341 478 1397 noxia:
516 1341 606 1414 atque
643 1339 710 1398 ideo
742 1358 810 1398 eum
842 1341 946 1414 eaptus
978 1341 1084 1414 fuerit,
1118 1358 1231 1399 mersus

212 1431 335 1488 necatur
364 1429 396 1486 in
427 1428 491 1486 oleo
521 1428 623 1503 ibique
653 1430 685 1486 in
714 1428 903 1503 putredinem
933 1430 1073 1502 vertitur,
1106 1447 1141 1487 ex
1172 1448 1230 1504 quo
1246 1451 1274 1489 ro

212 1517 441 1592 medicamento,
474 1537 541 1576 eum
573 1518 686 1576 animal
713 1517 919 1590 momorderit,
949 1517 1039 1595 plaga
1067 1517 1174 1576 linitur
1201 1521 1232 1578 et

213 1608 336 1664 curatur
365 1606 486 1664 animal.
538 1606 595 1664 Vel
625 1608 651 1664 si
680 1607 820 1665 inventus
850 1625 910 1664 non
939 1606 1045 1681 fuerit,
1080 1609 1231 1665 cuminum

211 1696 319 1752 tritum
342 1714 410 1753 oum
432 1697 497 1770 pice
526 1695 642 1770 liquida
666 1697 853 1772 axungiaque
883 1697 1037 1770 miscetur,
1068 1695 1107 1754 ad
1129 1697 1229 1770 spissi·

212 1783 347 1842 tudinem
379 1783 569 1860 malagmatis
604 1787 748 1858 aequetur
783 1775 1016 1859 impositumque
1049 1803 1067 1842 a
1098 1785 1230 1861 perieulo

104 1873 119 1908 ³²
179 1872 321 1931 iliberat
348 1875 378 1934 et
405 1875 500 1932 sanat.
547 1871 660 1941 Quodsi
688 1875 720 1930 in
750 1871 995 1948 suppurationem
1025 1875 1117 1932 fuerit
1139 1875 1231 1952 plaga
1246 1897 1273 1935 15

213 1980 367 2035 conversa,
397 1963 511 2021 lamina
538 1963 634 2020 ferrea
664 1962 803 2020 candenti
832 1963 992 2037 aperienda
1021 1966 1065 2022 est
1092 1965 1122 2022 et
1146 1963 1231 2039 quid·

213 2050 285 2126 quid
308 2052 452 2110 vitiosum
475 2053 521 2110 est
542 2051 721 2110 inurendum
744 2053 833 2126 atque
860 2053 926 2126 pioe
954 2051 1070 2128 liquida
1093 2053 1141 2112 vel
1165 2053 1230 2112 oleo

212 2139 437 2216 perdurandum.
490 2141 535 2198 Ne
566 2144 666 2220 autem
695 2158 760 2198 mus
791 2159 915 2200 araneus
946 2141 1059 2200 animal
1087 2140 1231 2216 mordeat,

212 2231 311 2304 ipsum
343 2231 446 2289 vivum
478 2230 514 2288 de
541 2234 623 2288 oreta
655 2229 868 2304 eueumdetur3
888 2248 977 2306 quae
1009 2249 1076 2289 eum
1109 2230 1230 2290 indura-

212 2321 303 2394 verit,
331 2319 527 2394 suspendetur
554 2320 592 2378 ad
620 2319 742 2378 collum:
773 2322 803 2377 et
830 2338 890 2377 non
913 2321 1053 2397 tangetur
1080 2339 1099 2378 a
1121 2337 1273 2380 morsura

252 2505 509 2630 28ῗ)(11111.(5.514.
575 2505 782 2559 4Pel.c.282.
847 2505 1052 2560 8Pe1.0.279.
1122 2513 1153 2560 18
1172 2507 1231 2562 Pel.

213 2595 235 2630 G.
307 2621 311 2630 .

286 2743 301 2790 2
320 2737 491 2807 phalangius
505 2754 599 2808 ozarqo
613 2737 763 2808 palangius
774 2739 799 2790 L
816 2740 820 2800 1
836 2737 880 2790 his
895 2737 1045 2807 apparebit
1059 2737 1172 2791 indiciis
1182 2740 1211 2792 P
1222 2738 1232 2811 11

213 2812 328 2864 3extat
346 2811 374 2864 P
395 2809 493 2862 statim
511 2810 537 2863 L
568 2812 570 2877 1
601 2810 630 2862 et
653 2824 703 2862 oar.
719 2809 744 2860 L
770 2809 773 2880 1
799 2808 908 2862 videbis
927 2810 967 2863 ed.
983 2827 1027 2878 pr.
1047 2809 1157 2862 urinam
1176 2811 1204 2864 A
1225 2810 1228 2882 1

212 2897 463 3006 vellemlingerbeL

212 3045 214 3054 1
285 3010 299 3057 7
319 3023 413 3058 morsu
432 3005 519 3058 muris
534 3007 563 3058 et
577 3005 673 3058 aranei
687 3006 716 3058 P
726 3007 735 3072 11
750 3011 766 3058 8
781 3007 809 3058 et
828 3007 923 3058 tamen
938 3003 1039 3072 quibus
1053 3006 1081 3058 A
1098 3005 1101 3076 1
1118 3007 1161 3058 est
1179 3021 1230 3059 om.

212 3077 252 3130 ed.
263 3093 309 3144 pr.
324 3078 352 3130 A
365 3079 374 3145 11
391 3081 423 3130 10
442 3076 472 3129 in
490 3075 571 3130 oculo
590 3093 616 3128 n.
632 3077 660 3130 P
675 3079 684 3144 11
704 3081 735 3128 11
755 3075 937 3130 momorderit
955 3077 983 3129 P
998 3075 1186 3138 3110m01deres
1203 3077 1231 3130 L

210 3148 357 3201 mordetur
374 3149 414 3201 ed.
426 3165 470 3218 pr.
486 3149 514 3202 A
530 3151 533 3215 1
549 3147 636 3217 plaga
655 3155 679 3201 et
699 3147 804 3200 animal
823 3164 873 3201 om.
894 3147 920 3200 L
938 3149 947 3215 11
967 3151 999 3199 12
1019 3147 1044 3200 si
1062 3147 1097 3200 de
1116 3149 1231 3201 ventum

212 3235 269 3272 non
283 3217 302 3272 f.
317 3221 343 3272 L
363 3219 387 3271 si
403 3219 434 3272 id
447 3219 592 3272 inventum
606 3219 634 3271 P
645 3221 654 3287 11
670 3223 702 3271 13
722 3218 829 3271 similit.
845 3221 873 3273 P
884 3221 893 3286 11
909 3224 942 3270 14
960 3217 1125 3287 impositum
1137 3235 1188 3274 om.
1203 3219 1231 3273 L

213 3292 359 3356 (coquetur
377 3292 459 3358 quae)
473 3293 482 3359 11
498 3297 530 3344 16
550 3289 752 3358 suppuratione
771 3290 829 3342 LA
850 3293 859 3359 11
881 3295 913 3342 17
933 3293 989 3358 atq.
1004 3290 1046 3342 ita
1064 3291 1104 3344 ed.
1116 3306 1160 3358 pr.
1175 3291 1203 3344 A
1223 3288 1228 3360 1

212 3359 257 3414 vel
275 3376 299 3413 o.
319 3377 369 3414 om.
385 3363 413 3416 A
425 3363 435 3430 11
451 3368 483 3414 le
503 3362 658 3414 curandum
676 3361 716 3414 ed.
729 3378 774 3428 pr.
790 3362 818 3414 A
841 3363 844 3428 1
865 3360 889 3414 ei
908 3364 1002 3415 autem
1022 3362 1048 3414 L
1061 3363 1070 3430 11
1086 3365 1118 3414 19
1137 3361 1230 3430 ipsum

213 3430 319 3484 animal
337 3449 361 3484 v.
376 3433 415 3486 ed.
428 3449 473 3500 pr.
488 3433 516 3486 A
542 3435 545 3499 1
570 3431 664 3484 vivum
682 3448 732 3486 om.
748 3434 776 3486 P
799 3435 802 3500 1
828 3431 937 3485 deerita
955 3432 982 3485 L
995 3435 1004 3500 11
1024 3437 1057 3485 20
1076 3432 1107 3485 in
1125 3430 1230 3486 eollum

210 3501 252 3569 ed.
265 3517 308 3568 ¹pr.
329 3502 401 3556 eollo
419 3505 448 3556 A
486 3505 489 3570 1
529 3503 708 3571 contingetur
726 3505 766 3556 ed.
783 3520 827 3571 pr.
847 3505 1035 3572 contanget'ur
1048 3505 1076 3557 A
1095 3519 1151 3571 qua
1170 3521 1231 3556 sus-

212 3587 300 3639 pensa
319 3572 378 3624 eius
397 3573 469 3627 eollo
488 3589 545 3626 non
563 3573 737 3642 contingitur
755 3590 849 3627 morsu
867 3576 894 3627 P
