2684 3926
129 230 143 371 ,Ι
175 272 240 341 232
616 275 752 370 VEGE'I'I

176 445 276 504 dinem
297 445 386 504 factis
412 450 529 521 ternae,
558 445 680 522 quinae,
708 448 847 522 septenae
875 463 930 520 per
955 443 1090 502 triduum
1113 442 1199 520 dige-

175 538 288 593 rantur.

499 671 676 736 CXXXV.
699 670 750 736 De
772 672 880 737 scabie.

68 791 213 888 ffiglsffff
260 801 379 861 Scabies
402 804 544 861 iumentis
568 802 790 861 deformitatem
809 805 839 859 et
861 800 1030 877 passionem
1053 802 1084 858 et
1105 801 1225 857 inter-·

212 890 283 949 dum
314 891 480 967 periculum
511 895 642 969 generat.
699 889 880 968 Contegiosa
915 907 1045 964 namque
1087 890 1131 948 est
1168 889 1199 944 et
1227 908 1243 948 ⁵

177 982 289 1039 transit
310 982 343 1038 in
361 981 471 1056 plures.
519 979 574 1038 Oui
592 981 728 1038 nascenti
751 979 974 1037 medicamentis
997 997 1056 1036 nou
1080 977 1200 1052 oportet

179 1071 308 1143 occurri,
338 1088 376 1127 ne
398 1069 556 1145 praeclusa
580 1073 646 1127 cute
675 1071 708 1126 in
732 1067 895 1128 visceribus
922 1067 1054 1127 residens
1078 1083 1198 1125 conver·

178 1161 262 1216 tatur
284 1161 317 1216 in
339 1159 484 1217 morbum.
532 1157 590 1216 Sed
613 1176 681 1217 cum
704 1159 836 1232 eruperit
858 1157 952 1230 foras,
975 1157 1106 1232 primum
1128 1174 1200 1230 pur-

179 1249 262 1324 gatio
291 1248 403 1306 ventris
432 1245 604 1320 adhibetur,
634 1247 840 1323 sipulverem
871 1265 906 1304 ex
932 1263 1085 1303 cucumere
1109 1244 1206 1302 silva.

178 1338 239 1394 tico
270 1353 337 1394 cum
367 1338 437 1395 vino
467 1336 604 1394 faucibus
634 1336 773 1394 animalis
801 1334 960 1407 infuderis,
990 1333 1038 1392 vel
1069 1335 1147 1392 certe
1173 1332 1200 1391 si
1214 1353 1242 1392 ro

178 1424 311 1484 radicem
342 1427 516 1483 minutatim
552 1427 702 1485 concisam
739 1427 857 1500 copiose
890 1441 958 1482 cum
988 1421 1098 1481 hordeo
1131 1421 1199 1480 sub·

145 1514 337 1572 2ministres.
386 1513 470 1582 cuod
495 1533 562 1572 cum
593 1533 628 1572 ex
656 1515 774 1572 ratione
801 1514 991 1588 processerit,
1020 1511 1199 1586 interposito

178 1602 280 1660 triduo
311 1602 501 1678 aliquantum
529 1603 696 1680 sanguinis,
726 1604 753 1660 si
776 1606 866 1677 caput
896 1605 926 1659 et
954 1601 1063 1659 collum
1086 1599 1200 1659 scabies

178 1691 316 1764 infestat,
346 1690 382 1749 de
406 1693 519 1750 cervice
542 1691 688 1749 detrahes.
736 1690 768 1748 Si
790 1710 860 1749 vero
889 1691 1029 1766 scapulae
1052 1690 1100 1748 rel
1123 1690 1201 1749 armi

180 1783 234 1838 ant
255 1784 359 1855 pectus
382 1781 415 1838 in
439 1798 529 1838 causa
553 1783 611 1853 est,
641 1780 677 1838 de
700 1779 862 1838 brachiolis
890 1781 1012 1857 sanguis
1036 1780 1199 1837 emittetur.
1214 1798 1243 1838 rs

181 1867 255 1927 Oum
278 1871 396 1943 spinam
419 1868 467 1927 vel
490 1869 607 1927 lumbos
632 1872 686 1926 aut
709 1887 796 1928 coxas
823 1869 943 1943 papulis
968 1871 1107 1927 aestuans
1130 1885 1200 1943 pru·

179 1960 246 2036 rigo
283 1960 461 2033 pervaserit,
499 1958 535 2016 de
571 1959 718 2017 femorum
755 1960 839 2016 venis
876 1959 997 2035 sanguis
1036 1958 1200 2016 auferatur.

145 2047 345 2115 3Asfaitum,
369 2047 466 2106 sulfur
484 2049 600 2122 vivum,
623 2049 719 2123 picem
743 2047 903 2123 liquidam,
931 2046 1072 2121 butyrum
1097 2047 1201 2121 aequis

179 2136 361 2212 ponderibus
384 2138 499 2212 pariter
522 2136 631 2196 deteris
650 2139 681 2194 et
702 2137 735 2194 in
759 2137 821 2195 sole
840 2135 1009 2194 diutissime
1033 2135 1200 2193 confricans
1234 2145 1244 2174 -·

178 2226 305 2284 iumenti
342 2243 448 2301 corpus
484 2227 633 2303 perungis.
685 2225 773 2284 Aceti
810 2226 886 2284 acris
924 2227 996 2284 sext.
1019 2222 1043 2298 I,
1080 2223 1199 2300 piculae
1214 2243 1244 2282 10

179 2333 245 2372 unc.
268 2314 321 2388 IV,
351 2315 467 2373 cedriae
499 2334 564 2373 unc.
589 2314 632 2373 IV
658 2317 772 2390 pariter
801 2313 942 2389 decoquis
972 2315 1004 2371 et
1033 2313 1200 2372 scabiosum

180 2404 292 2461 animal
315 2423 350 2462 ex
372 2404 447 2463 lotio
470 2403 601 2462 humano
624 2406 654 2461 et
678 2403 775 2461 calida
802 2404 950 2477 permixta
972 2402 1202 2479 diligentissime

218 2590 450 2715 61ΞΡΡ11.0.341
471 2589 505 2644 cf.
525 2589 598 2643 Chir.
619 2606 641 2643 c.
657 2593 717 2644 613.
827 2593 861 2642 20
881 2588 938 2642 Pel.
959 2605 982 2642 c.
998 2593 1050 2642 348
1070 2587 1104 2641 cf.
1125 2587 1199 2641 Chir.
1240 2589 1243 2616 ³

180 2677 203 2714 c.
274 2703 278 2713 .

252 2809 269 2856 4
288 2802 343 2857 def.
359 2805 388 2856 11
406 2822 432 2873 p.
448 2805 476 2857 A
495 2803 649 2857 deformem
665 2803 826 2873 passionem
840 2804 867 2857 L
881 2804 921 2856 111.
934 2821 977 2871 pr.
998 2801 1152 2856 deformem
1171 2804 1203 2856 et

181 2875 328 2943 intraper.
344 2893 370 2944 g.
386 2875 435 2942 ΡΙΙ
449 2880 465 2927 6
479 2875 509 2927 11
523 2873 669 2944 pulverem
683 2875 709 2928 L
724 2878 733 2943 d
748 2879 762 2926 ’1
778 2890 922 2928 occurrere
937 2875 977 2928 111.
989 2891 1033 2942 pr.
1049 2875 1076 2928 A
1090 2875 1130 2942 118
1150 2873 1201 2927 sed

180 2949 214 2999 ut
232 2946 271 3000 ed.
284 2963 328 3013 pr.
346 2949 349 3014 Ι
365 2945 457 3015 primo
476 2946 516 3000 ed.
527 2964 571 3015 pr.
591 2949 601 3015 ΙΙ
619 2951 635 2998 9
655 2946 728 2999 siout
746 2945 839 3014 pulvis
858 2961 892 2998 ex
911 2943 1105 2999 cucumeribus
1125 2962 1201 2998 1....

181 3017 291 3071 infusus
306 3018 333 3070 P
345 3033 380 3071 ex
392 3017 489 3072 radice
503 3017 658 3070 cucumeris
674 3035 693 3070 s.
709 3018 748 3071 ed.
761 3034 806 3085 pr.
821 3019 830 3085 ΙΙ
846 3021 878 3070 10
896 3015 1024 3069 infundis
1038 3015 1078 3070 11.
1090 3033 1135 3084 pr.
1150 3017 1175 3069 A
1191 3015 1194 3086 1

183 3094 214 3141 11
235 3088 398 3142 minutatim
412 3104 463 3142 om.
478 3089 518 3142 ed.
531 3106 574 3157 pr.
590 3090 618 3142 A
637 3089 745 3143 minute
763 3088 884 3142 fractam
898 3089 926 3142 P
938 3089 986 3156 qui
1000 3087 1113 3156 copiose
1127 3103 1177 3141 om.

182 3177 245 3212 cnm
264 3160 369 3214 hordeo
388 3159 452 3230 sub]
472 3158 528 3213 sibi
546 3161 573 3214 A
614 3161 624 3228 ΙΙ
666 3166 698 3213 12
717 3159 793 3228 quod
813 3176 877 3212 cum
901 3158 1023 3212 solutum
1043 3157 1130 3212 fuerit
1148 3157 1205 3229 ΡΙ

183 3237 216 3284 13
236 3229 444 3300 aliquantulum
463 3231 502 3285 ed.
514 3249 559 3300 pr.
575 3232 657 3300 APit
671 3238 705 3285 14
724 3229 834 3299 scapuli
852 3231 892 3284 11.
904 3247 948 3298 pr.
972 3233 982 3299 ΙΙ
1003 3235 1036 3282 16
1056 3229 1203 3283 emittetur

182 3307 260 3354 -1‘1
281 3303 396 3372 sanguis
414 3319 464 3356 om.
485 3304 514 3357 P
547 3305 550 3371 1
588 3305 720 3356 exstuans
739 3304 807 3368 At
843 3301 958 3370 prurigo
978 3301 1005 3356 L
1023 3300 1156 3370 purgatio
1173 3301 1202 3354 A

183 3372 314 3441 contagio
328 3373 369 3426 od.
380 3390 425 3441 pr.
457 3379 466 3441 i
495 3379 527 3426 17
547 3373 741 3428 emittitured.
753 3389 798 3442 pr.
814 3375 841 3426 A
866 3375 875 3440 ΙΙ
902 3378 936 3426 18
955 3374 1063 3440 etpost
1082 3370 1200 3442 111.Ρῄ

181 3443 212 3494 in
230 3442 363 3510 butyrum
381 3445 421 3498 ed.
434 3461 478 3511 pr.
495 3446 523 3498 A
558 3447 568 3514 d
600 3451 633 3497 19
654 3444 703 3498 diu
727 3443 851 3498 confrica
870 3446 898 3498 P
931 3445 941 3512 tt
980 3442 1207 3496 automata:

182 3512 322 3579 11111)
349 3516 353 3581 Ι
383 3514 442 3567 acri
461 3515 487 3567 L
505 3515 587 3568 fortis
601 3517 629 3570 P
654 3517 664 3584 ΙΙ
692 3521 724 3568 21
745 3514 821 3568 cedri
840 3515 867 3568 L
884 3516 918 3567 ut
936 3529 1021 3567 auree
1036 3515 1064 3567 Ρ
1086 3516 1089 3583 t
1117 3512 1204 3566 simul·

182 3599 270 3650 coque
289 3585 317 3638 P
349 3586 353 3651 1
387 3587 417 3637 11
436 3625 441 3636 .
459 3626 463 3636 .
481 3627 486 3637 .
506 3585 671 3654 perfricabis
690 3587 717 3640 L
742 3589 770 3639 et
790 3627 795 3637 .
812 3629 817 3638 .
835 3627 840 3637 .
860 3585 931 3638 frica
950 3587 978 3639 P
998 3583 1207 3654 perfricaturus·

182 3653 222 3706 11.
233 3670 278 3721 pr.
298 3653 436 3707 confricas
455 3657 483 3708 A
1204 3679 1207 3684 ·
