<?xml version="1.0" encoding="UTF-8"?>
<!DOCTYPE html PUBLIC "-//W3C//DTD XHTML 1.0 Transitional//EN"
    "http://www.w3.org/TR/xhtml1/DTD/xhtml1-transitional.dtd">
<html xmlns="http://www.w3.org/1999/xhtml" xml:lang="en" lang="en">
 <head>
  <title>
</title>
<meta http-equiv="Content-Type" content="text/html;charset=utf-8" />
  <meta name='ocr-system' content='tesseract 3.04.00' />
  <meta name='ocr-capabilities' content='ocr_page ocr_carea ocr_par ocr_line ocrx_word'/>
</head>
<body>
  <div class='ocr_page' id='page_1' title='image "./pvegetirenatidi02martgoog/pvegetirenatidi02martgoog_0142.png"; bbox 0 0 2682 3920; ppageno 0'>
   <div class='ocr_carea' id='block_1_1' title="bbox 419 243 1156 308">
    <p class='ocr_par' dir='ltr' id='par_1_1' title="bbox 419 243 1156 308">
     <span class='ocr_line' id='line_1_1' title="bbox 419 243 1156 308; baseline 0.001 -12"><span class='ocrx_word' id='word_1_1' title='bbox 419 243 558 298; x_wconf 87' lang='lat' dir='ltr'><strong>MVLOM.</strong></span> <span class='ocrx_word' id='word_1_2' title='bbox 577 244 590 296; x_wconf 94' lang='lat' dir='ltr'>I</span> <span class='ocrx_word' id='word_1_3' title='bbox 609 249 651 308; x_wconf 82' lang='lat'><strong>63,</strong></span> <span class='ocrx_word' id='word_1_4' title='bbox 666 250 708 298; x_wconf 83' lang='lat'><strong>64.</strong></span> <span class='ocrx_word' id='word_1_5' title='bbox 745 245 771 296; x_wconf 91' lang='lat' dir='ltr'><strong>H</strong></span> <span class='ocrx_word' id='word_1_6' title='bbox 788 243 890 298; x_wconf 83' lang='lat' dir='ltr'><strong><em>PROL.</em></strong></span> <span class='ocrx_word' id='word_1_7' title='bbox 1113 245 1156 308; x_wconf 81' lang='lat'><strong>95</strong></span> 
     </span>
    </p>
   </div>
   <div class='ocr_carea' id='block_1_2' title="bbox 119 411 1157 1111">
    <p class='ocr_par' dir='ltr' id='par_1_2' title="bbox 119 411 1157 1111">
     <span class='ocr_line' id='line_1_2' title="bbox 148 411 1156 489; baseline 0.002 -19"><span class='ocrx_word' id='word_1_8' title='bbox 148 433 216 470; x_wconf 91' lang='lat' dir='ltr'><strong>rum</strong></span> <span class='ocrx_word' id='word_1_9' title='bbox 237 412 328 485; x_wconf 85' lang='lat' dir='ltr'><strong>lauri,</strong></span> <span class='ocrx_word' id='word_1_10' title='bbox 357 430 476 470; x_wconf 87' lang='lat' dir='ltr'><strong>rasurae</strong></span> <span class='ocrx_word' id='word_1_11' title='bbox 503 411 598 472; x_wconf 81' lang='lat' dir='ltr'><strong>eboris</strong></span> <span class='ocrx_word' id='word_1_12' title='bbox 628 414 714 487; x_wconf 85' lang='lat' dir='ltr'><strong>paria</strong></span> <span class='ocrx_word' id='word_1_13' title='bbox 743 411 874 488; x_wconf 86' lang='lat' dir='ltr'><strong>pondera</strong></span> <span class='ocrx_word' id='word_1_14' title='bbox 901 412 1060 489; x_wconf 88' lang='lat' dir='ltr'><strong>diligenter</strong></span> <span class='ocrx_word' id='word_1_15' title='bbox 1081 415 1156 472; x_wconf 89' lang='lat' dir='ltr'><strong>trita</strong></span> 
     </span>
     <span class='ocr_line' id='line_1_3' title="bbox 149 501 1156 576; baseline 0 -16"><span class='ocrx_word' id='word_1_16' title='bbox 149 504 238 576; x_wconf 90' lang='lat' dir='ltr'><strong>atque</strong></span> <span class='ocrx_word' id='word_1_17' title='bbox 252 503 399 575; x_wconf 83' lang='lat' dir='ltr'><strong>permixta</strong></span> <span class='ocrx_word' id='word_1_18' title='bbox 412 501 494 559; x_wconf 92' lang='lat' dir='ltr'><strong>domi</strong></span> <span class='ocrx_word' id='word_1_19' title='bbox 507 503 569 560; x_wconf 85' lang='lat' dir='ltr'><strong>sive</strong></span> <span class='ocrx_word' id='word_1_20' title='bbox 587 503 619 559; x_wconf 92' lang='lat' dir='ltr'><strong>in</strong></span> <span class='ocrx_word' id='word_1_21' title='bbox 637 501 792 560; x_wconf 77' lang='lat' dir='ltr'>itineribus</span> <span class='ocrx_word' id='word_1_22' title='bbox 810 501 893 576; x_wconf 91' lang='lat' dir='ltr'><strong>prius</strong></span> <span class='ocrx_word' id='word_1_23' title='bbox 911 501 1031 560; x_wconf 88' lang='lat' dir='ltr'><strong>condita</strong></span> <span class='ocrx_word' id='word_1_24' title='bbox 1048 501 1156 560; x_wconf 88' lang='lat' dir='ltr'><strong>habere</strong></span> 
     </span>
     <span class='ocr_line' id='line_1_4' title="bbox 149 590 1156 665; baseline 0 -17"><span class='ocrx_word' id='word_1_25' title='bbox 149 592 268 664; x_wconf 83' lang='lat' dir='ltr'><strong>oportet</strong></span> <span class='ocrx_word' id='word_1_26' title='bbox 289 591 322 647; x_wconf 91' lang='lat' dir='ltr'><strong>in</strong></span> <span class='ocrx_word' id='word_1_27' title='bbox 345 592 498 665; x_wconf 81' lang='lat' dir='ltr'><strong>promptu,</strong></span> <span class='ocrx_word' id='word_1_28' title='bbox 520 592 568 663; x_wconf 86' lang='lat' dir='ltr'><strong>ut,</strong></span> <span class='ocrx_word' id='word_1_29' title='bbox 594 592 731 665; x_wconf 86' lang='lat' dir='ltr'><strong>quotiens</strong></span> <span class='ocrx_word' id='word_1_30' title='bbox 758 592 905 649; x_wconf 90' lang='lat' dir='ltr'><strong>maestum</strong></span> <span class='ocrx_word' id='word_1_31' title='bbox 928 593 980 648; x_wconf 88' lang='lat' dir='ltr'><strong>aut</strong></span> <span class='ocrx_word' id='word_1_32' title='bbox 1002 590 1156 648; x_wconf 85' lang='lat' dir='ltr'><strong>horridum</strong></span> 
     </span>
     <span class='ocr_line' id='line_1_5' title="bbox 148 678 1156 753; baseline 0 -16"><span class='ocrx_word' id='word_1_33' title='bbox 148 678 257 738; x_wconf 86' lang='lat' dir='ltr'><strong>videris</strong></span> <span class='ocrx_word' id='word_1_34' title='bbox 281 678 392 737; x_wconf 88' lang='lat' dir='ltr'><strong>animal</strong></span> <span class='ocrx_word' id='word_1_35' title='bbox 415 680 468 736; x_wconf 91' lang='lat' dir='ltr'><strong>aut</strong></span> <span class='ocrx_word' id='word_1_36' title='bbox 484 679 580 736; x_wconf 85' lang='lat' dir='ltr'><strong>morbi</strong></span> <span class='ocrx_word' id='word_1_37' title='bbox 604 678 728 737; x_wconf 89' lang='lat' dir='ltr'><strong>alicuius</strong></span> <span class='ocrx_word' id='word_1_38' title='bbox 751 679 818 737; x_wconf 91' lang='lat' dir='ltr'><strong>labe</strong></span> <span class='ocrx_word' id='word_1_39' title='bbox 840 680 1029 753; x_wconf 82' lang='lat' dir='ltr'><strong>temptatum,</strong></span> <span class='ocrx_word' id='word_1_40' title='bbox 1052 680 1156 737; x_wconf 88' lang='lat' dir='ltr'><strong>statim</strong></span> 
     </span>
     <span class='ocr_line' id='line_1_6' title="bbox 119 767 1157 842; baseline -0.002 -14"><span class='ocrx_word' id='word_1_41' title='bbox 119 768 269 842; x_wconf 82' lang='lat' dir='ltr'><strong>eplenum</strong></span> <span class='ocrx_word' id='word_1_42' title='bbox 297 768 427 826; x_wconf 85' lang='lat' dir='ltr'><strong>cocleare</strong></span> <span class='ocrx_word' id='word_1_43' title='bbox 455 787 490 826; x_wconf 87' lang='lat' dir='ltr'><strong>ex</strong></span> <span class='ocrx_word' id='word_1_44' title='bbox 519 767 641 842; x_wconf 85' lang='lat' dir='ltr'><strong>pulvere</strong></span> <span class='ocrx_word' id='word_1_45' title='bbox 663 770 825 826; x_wconf 85' lang='lat' dir='ltr'><strong>memorato</strong></span> <span class='ocrx_word' id='word_1_46' title='bbox 854 785 920 824; x_wconf 92' lang='lat' dir='ltr'><strong>cum</strong></span> <span class='ocrx_word' id='word_1_47' title='bbox 943 769 1070 826; x_wconf 84' lang='lat' dir='ltr'><strong>sextario</strong></span> <span class='ocrx_word' id='word_1_48' title='bbox 1093 769 1157 826; x_wconf 86' lang='lat' dir='ltr'><strong>vini</strong></span> 
     </span>
     <span class='ocr_line' id='line_1_7' title="bbox 148 855 1156 932; baseline 0 -18"><span class='ocrx_word' id='word_1_49' title='bbox 148 855 255 932; x_wconf 87' lang='lat' dir='ltr'><strong>optimi</strong></span> <span class='ocrx_word' id='word_1_50' title='bbox 277 874 330 931; x_wconf 87' lang='lat' dir='ltr'><strong>per</strong></span> <span class='ocrx_word' id='word_1_51' title='bbox 359 856 459 914; x_wconf 79' lang='lat' dir='ltr'><strong>fauces</strong></span> <span class='ocrx_word' id='word_1_52' title='bbox 482 855 641 929; x_wconf 78' lang='lat' dir='ltr'><strong>diffundas,</strong></span> <span class='ocrx_word' id='word_1_53' title='bbox 671 859 701 914; x_wconf 90' lang='lat' dir='ltr'><strong>et</strong></span> <span class='ocrx_word' id='word_1_54' title='bbox 723 875 776 931; x_wconf 90' lang='lat' dir='ltr'><strong>per</strong></span> <span class='ocrx_word' id='word_1_55' title='bbox 802 855 935 914; x_wconf 87' lang='lat' dir='ltr'><strong>triduum</strong></span> <span class='ocrx_word' id='word_1_56' title='bbox 964 858 1056 914; x_wconf 88' lang='lat' dir='ltr'><strong>etiam</strong></span> <span class='ocrx_word' id='word_1_57' title='bbox 1079 875 1156 931; x_wconf 91' lang='lat' dir='ltr'><strong>equo</strong></span> 
     </span>
     <span class='ocr_line' id='line_1_8' title="bbox 146 944 1157 1021; baseline 0 -19"><span class='ocrx_word' id='word_1_58' title='bbox 146 944 302 1003; x_wconf 88' lang='lat' dir='ltr'><strong>inlabere</strong></span> <span class='ocrx_word' id='word_1_59' title='bbox 326 946 487 1011; x_wconf 77' lang='lat' dir='ltr'><strong>constituto</strong></span> <span class='ocrx_word' id='word_1_60' title='bbox 517 945 649 1021; x_wconf 68' lang='lat' dir='ltr'><strong>digerite,</strong></span> <span class='ocrx_word' id='word_1_61' title='bbox 677 947 712 1001; x_wconf 89' lang='lat' dir='ltr'><strong>ut</strong></span> <span class='ocrx_word' id='word_1_62' title='bbox 735 944 873 1003; x_wconf 83' lang='lat' dir='ltr'><strong>adversus</strong></span> <span class='ocrx_word' id='word_1_63' title='bbox 903 944 983 1004; x_wconf 83' lang='lat' dir='ltr'><strong>virus</strong></span> <span class='ocrx_word' id='word_1_64' title='bbox 1006 947 1157 1002; x_wconf 90' lang='lat' dir='ltr'><strong>internum</strong></span> 
     </span>
     <span class='ocr_line' id='line_1_9' title="bbox 147 1032 1157 1111; baseline -0.002 -19"><span class='ocrx_word' id='word_1_65' title='bbox 147 1032 315 1092; x_wconf 86' lang='lat' dir='ltr'><strong>subveniat:</strong></span> <span class='ocrx_word' id='word_1_66' title='bbox 346 1032 472 1108; x_wconf 87' lang='lat' dir='ltr'><strong>probata</strong></span> <span class='ocrx_word' id='word_1_67' title='bbox 501 1035 624 1092; x_wconf 87' lang='lat' dir='ltr'><strong>curatio.</strong></span> <span class='ocrx_word' id='word_1_68' title='bbox 672 1033 821 1111; x_wconf 82' lang='lat' dir='ltr'><strong>Tussienti</strong></span> <span class='ocrx_word' id='word_1_69' title='bbox 851 1036 951 1092; x_wconf 87' lang='lat' dir='ltr'><strong>eutem</strong></span> <span class='ocrx_word' id='word_1_70' title='bbox 981 1053 1047 1092; x_wconf 90' lang='lat' dir='ltr'><strong>cum</strong></span> <span class='ocrx_word' id='word_1_71' title='bbox 1075 1033 1157 1110; x_wconf 88' lang='lat' dir='ltr'><strong>passi</strong></span> 
     </span>
    </p>
   </div>
   <div class='ocr_carea' id='block_1_3' title="bbox 106 1120 1189 1732">
    <p class='ocr_par' dir='ltr' id='par_1_3' title="bbox 106 1120 1189 1732">
     <span class='ocr_line' id='line_1_10' title="bbox 147 1120 822 1195; baseline 0 -16"><span class='ocrx_word' id='word_1_72' title='bbox 147 1120 266 1180; x_wconf 86' lang='lat' dir='ltr'><strong>hemina</strong></span> <span class='ocrx_word' id='word_1_73' title='bbox 290 1120 382 1195; x_wconf 86' lang='lat' dir='ltr'><strong>dabis,</strong></span> <span class='ocrx_word' id='word_1_74' title='bbox 405 1124 435 1180; x_wconf 88' lang='lat' dir='ltr'><strong>et</strong></span> <span class='ocrx_word' id='word_1_75' title='bbox 458 1124 560 1181; x_wconf 88' lang='lat' dir='ltr'><strong>statim</strong></span> <span class='ocrx_word' id='word_1_76' title='bbox 584 1124 691 1182; x_wconf 87' lang='lat' dir='ltr'><strong>sentiet</strong></span> <span class='ocrx_word' id='word_1_77' title='bbox 714 1141 822 1182; x_wconf 87' lang='lat' dir='ltr'><strong>curam.</strong></span> 
     </span>
     <span class='ocr_line' id='line_1_11' title="bbox 106 1209 1189 1286; baseline 0.004 -17"><span class='ocrx_word' id='word_1_78' title='bbox 106 1230 133 1270; x_wconf 82' lang='lat' dir='ltr'><strong>ro</strong></span> <span class='ocrx_word' id='word_1_79' title='bbox 215 1209 249 1268; x_wconf 83' lang='lat' dir='ltr'><strong>Si</strong></span> <span class='ocrx_word' id='word_1_80' title='bbox 257 1209 341 1283; x_wconf 90' lang='lat' dir='ltr'><strong>liber,</strong></span> <span class='ocrx_word' id='word_1_81' title='bbox 356 1210 403 1269; x_wconf 92' lang='lat' dir='ltr'><strong>cui</strong></span> <span class='ocrx_word' id='word_1_82' title='bbox 413 1211 473 1269; x_wconf 86' lang='lat' dir='ltr'><strong>iam</strong></span> <span class='ocrx_word' id='word_1_83' title='bbox 482 1210 633 1286; x_wconf 89' lang='lat' dir='ltr'><strong>ponendus</strong></span> <span class='ocrx_word' id='word_1_84' title='bbox 644 1213 689 1269; x_wconf 89' lang='lat' dir='ltr'><strong>est</strong></span> <span class='ocrx_word' id='word_1_85' title='bbox 702 1211 777 1283; x_wconf 89' lang='lat' dir='ltr'><strong>finis,</strong></span> <span class='ocrx_word' id='word_1_86' title='bbox 791 1211 954 1286; x_wconf 89' lang='lat' dir='ltr'><strong>legentium</strong></span> <span class='ocrx_word' id='word_1_87' title='bbox 963 1230 1023 1269; x_wconf 93' lang='lat' dir='ltr'><strong>non</strong></span> <span class='ocrx_word' id='word_1_88' title='bbox 1032 1211 1155 1270; x_wconf 87' lang='lat' dir='ltr'><strong>offendit</strong></span> <span class='ocrx_word' id='word_1_89' title='bbox 1171 1218 1189 1273; x_wconf 77' lang='lat'><strong>2</strong></span> 
     </span>
     <span class='ocr_line' id='line_1_12' title="bbox 147 1297 1155 1376; baseline 0.002 -20"><span class='ocrx_word' id='word_1_90' title='bbox 147 1297 293 1376; x_wconf 89' lang='lat' dir='ltr'><strong>auditum,</strong></span> <span class='ocrx_word' id='word_1_91' title='bbox 314 1301 449 1374; x_wconf 78' lang='lat' dir='ltr'><strong>sequenti</strong></span> <span class='ocrx_word' id='word_1_92' title='bbox 468 1298 618 1358; x_wconf 86' lang='lat' dir='ltr'><strong>volumine</strong></span> <span class='ocrx_word' id='word_1_93' title='bbox 641 1299 813 1357; x_wconf 71' lang='lat' dir='ltr'><strong>inchoantes</strong></span> <span class='ocrx_word' id='word_1_94' title='bbox 835 1318 853 1357; x_wconf 90' lang='lat' dir='ltr'><strong>a</strong></span> <span class='ocrx_word' id='word_1_95' title='bbox 873 1301 982 1358; x_wconf 81' lang='lat' dir='ltr'><strong>vertice</strong></span> <span class='ocrx_word' id='word_1_96' title='bbox 1003 1319 1096 1375; x_wconf 89' lang='lat' dir='ltr'><strong>usque</strong></span> <span class='ocrx_word' id='word_1_97' title='bbox 1118 1299 1155 1358; x_wconf 88' lang='lat' dir='ltr'><strong>ad</strong></span> 
     </span>
     <span class='ocr_line' id='line_1_13' title="bbox 147 1387 1154 1464; baseline 0 -19"><span class='ocrx_word' id='word_1_98' title='bbox 147 1388 283 1464; x_wconf 86' lang='lat' dir='ltr'><strong>ungulas,</strong></span> <span class='ocrx_word' id='word_1_99' title='bbox 298 1407 333 1446; x_wconf 85' lang='lat' dir='ltr'><strong>ex</strong></span> <span class='ocrx_word' id='word_1_100' title='bbox 347 1390 493 1447; x_wconf 86' lang='lat' dir='ltr'><strong>universis</strong></span> <span class='ocrx_word' id='word_1_101' title='bbox 504 1387 675 1446; x_wconf 85' lang='lat' dir='ltr'><strong>auctoribus</strong></span> <span class='ocrx_word' id='word_1_102' title='bbox 687 1388 855 1447; x_wconf 88' lang='lat' dir='ltr'><strong>enucleatas</strong></span> <span class='ocrx_word' id='word_1_103' title='bbox 870 1388 1043 1446; x_wconf 86' lang='lat' dir='ltr'><strong>animalium</strong></span> <span class='ocrx_word' id='word_1_104' title='bbox 1057 1389 1154 1464; x_wconf 89' lang='lat' dir='ltr'><strong>publi·</strong></span> 
     </span>
     <span class='ocr_line' id='line_1_14' title="bbox 147 1476 1155 1551; baseline 0.001 -18"><span class='ocrx_word' id='word_1_105' title='bbox 147 1476 278 1535; x_wconf 88' lang='lat' dir='ltr'><strong>cabimus</strong></span> <span class='ocrx_word' id='word_1_106' title='bbox 298 1495 391 1551; x_wconf 88' lang='lat' dir='ltr'><strong>curas,</strong></span> <span class='ocrx_word' id='word_1_107' title='bbox 410 1480 446 1535; x_wconf 82' lang='lat' dir='ltr'><strong>ut</strong></span> <span class='ocrx_word' id='word_1_108' title='bbox 459 1478 540 1551; x_wconf 89' lang='lat' dir='ltr'><strong>ordo,</strong></span> <span class='ocrx_word' id='word_1_109' title='bbox 559 1477 612 1551; x_wconf 90' lang='lat' dir='ltr'><strong>qui</strong></span> <span class='ocrx_word' id='word_1_110' title='bbox 631 1496 649 1535; x_wconf 85' lang='lat' dir='ltr'><strong>a</strong></span> <span class='ocrx_word' id='word_1_111' title='bbox 667 1478 777 1535; x_wconf 70' lang='lat' dir='ltr'><strong>uotiua</strong></span> <span class='ocrx_word' id='word_1_112' title='bbox 795 1477 882 1535; x_wconf 87' lang='lat' dir='ltr'><strong>datus</strong></span> <span class='ocrx_word' id='word_1_113' title='bbox 897 1479 950 1550; x_wconf 84' lang='lat' dir='ltr'><strong>est,</strong></span> <span class='ocrx_word' id='word_1_114' title='bbox 969 1479 1001 1533; x_wconf 93' lang='lat' dir='ltr'><strong>in</strong></span> <span class='ocrx_word' id='word_1_115' title='bbox 1018 1477 1155 1536; x_wconf 88' lang='lat' dir='ltr'><strong>medendi</strong></span> 
     </span>
     <span class='ocr_line' id='line_1_15' title="bbox 147 1564 1154 1642; baseline 0.001 -19"><span class='ocrx_word' id='word_1_116' title='bbox 147 1564 339 1640; x_wconf 78' lang='lat' dir='ltr'><strong>dispositione</strong></span> <span class='ocrx_word' id='word_1_117' title='bbox 365 1569 509 1640; x_wconf 82' lang='lat' dir='ltr'><strong>servetur,</strong></span> <span class='ocrx_word' id='word_1_118' title='bbox 537 1584 574 1623; x_wconf 91' lang='lat' dir='ltr'><strong>ne</strong></span> <span class='ocrx_word' id='word_1_119' title='bbox 598 1565 746 1642; x_wconf 88' lang='lat' dir='ltr'><strong>indigesta</strong></span> <span class='ocrx_word' id='word_1_120' title='bbox 772 1585 805 1624; x_wconf 88' lang='lat' dir='ltr'><strong>ac</strong></span> <span class='ocrx_word' id='word_1_121' title='bbox 832 1565 1030 1623; x_wconf 89' lang='lat' dir='ltr'><strong>membrorum</strong></span> <span class='ocrx_word' id='word_1_122' title='bbox 1055 1584 1154 1624; x_wconf 89' lang='lat' dir='ltr'><strong>conse·</strong></span> 
     </span>
     <span class='ocr_line' id='line_1_16' title="bbox 106 1653 1154 1732; baseline -0.002 -18"><span class='ocrx_word' id='word_1_123' title='bbox 106 1673 133 1714; x_wconf 79' lang='lat'><strong>15</strong></span> <span class='ocrx_word' id='word_1_124' title='bbox 147 1653 285 1729; x_wconf 84' lang='lat' dir='ltr'><strong>quentiae</strong></span> <span class='ocrx_word' id='word_1_125' title='bbox 294 1673 462 1732; x_wconf 80' lang='lat' dir='ltr'><strong>repugnans</strong></span> <span class='ocrx_word' id='word_1_126' title='bbox 475 1655 587 1731; x_wconf 79' lang='lat' dir='ltr'><strong>pagine</strong></span> <span class='ocrx_word' id='word_1_127' title='bbox 602 1657 792 1729; x_wconf 89' lang='lat' dir='ltr'><strong>quaerentem</strong></span> <span class='ocrx_word' id='word_1_128' title='bbox 806 1654 968 1713; x_wconf 83' lang='lat' dir='ltr'><strong>confundet</strong></span> <span class='ocrx_word' id='word_1_129' title='bbox 982 1658 1036 1713; x_wconf 91' lang='lat' dir='ltr'><strong>aut</strong></span> <span class='ocrx_word' id='word_1_130' title='bbox 1048 1655 1154 1714; x_wconf 86' lang='lat' dir='ltr'><strong>tardet.</strong></span> 
     </span>
    </p>
   </div>
   <div class='ocr_carea' id='block_1_4' title="bbox 525 1917 772 2137">
    <p class='ocr_par' dir='ltr' id='par_1_4' title="bbox 525 1917 772 2137">
     <span class='ocr_line' id='line_1_17' title="bbox 547 1917 754 1994; baseline 0.014 -4"><span class='ocrx_word' id='word_1_131' title='bbox 547 1919 690 1990; x_wconf 78' lang='lat' dir='ltr'>LIBER</span> <span class='ocrx_word' id='word_1_132' title='bbox 708 1917 754 1994; x_wconf 89' lang='grc' dir='ltr'><strong>Π.</strong></span> 
     </span>
     <span class='ocr_line' id='line_1_18' title="bbox 525 2077 772 2137; baseline -0.004 0"><span class='ocrx_word' id='word_1_133' title='bbox 525 2077 772 2137; x_wconf 78' lang='lat' dir='ltr'><strong>Pnonocvs</strong></span> 
     </span>
    </p>
   </div>
   <div class='ocr_carea' id='block_1_5' title="bbox 107 2202 1153 2458">
    <p class='ocr_par' dir='ltr' id='par_1_5' title="bbox 107 2202 1153 2458">
     <span class='ocr_line' id='line_1_19' title="bbox 212 2202 1153 2278; baseline -0.001 -17"><span class='ocrx_word' id='word_1_134' title='bbox 212 2202 458 2262; x_wconf 88' lang='lat' dir='ltr'><strong>Mulomedicinae</strong></span> <span class='ocrx_word' id='word_1_135' title='bbox 481 2223 529 2262; x_wconf 86' lang='lat' dir='ltr'><strong>ars</strong></span> <span class='ocrx_word' id='word_1_136' title='bbox 552 2202 725 2262; x_wconf 87' lang='lat' dir='ltr'><strong>iamdudum</strong></span> <span class='ocrx_word' id='word_1_137' title='bbox 747 2204 821 2261; x_wconf 84' lang='lat' dir='ltr'><strong>vitio</strong></span> <span class='ocrx_word' id='word_1_138' title='bbox 846 2203 1018 2278; x_wconf 80' lang='lat' dir='ltr'><strong>cupiditatis</strong></span> <span class='ocrx_word' id='word_1_139' title='bbox 1042 2206 1072 2260; x_wconf 90' lang='lat' dir='ltr'><strong>et</strong></span> <span class='ocrx_word' id='word_1_140' title='bbox 1094 2203 1153 2261; x_wconf 85' lang='lat' dir='ltr'><strong>exi·</strong></span> 
     </span>
     <span class='ocr_line' id='line_1_20' title="bbox 146 2291 1152 2368; baseline -0.001 -19"><span class='ocrx_word' id='word_1_141' title='bbox 146 2293 261 2368; x_wconf 88' lang='lat' dir='ltr'><strong>guitate</strong></span> <span class='ocrx_word' id='word_1_142' title='bbox 294 2292 436 2352; x_wconf 86' lang='lat' dir='ltr'><strong>mercedis</strong></span> <span class='ocrx_word' id='word_1_143' title='bbox 470 2293 551 2350; x_wconf 89' lang='lat' dir='ltr'><strong>nullo</strong></span> <span class='ocrx_word' id='word_1_144' title='bbox 587 2291 747 2350; x_wconf 87' lang='lat' dir='ltr'><strong>studiosius</strong></span> <span class='ocrx_word' id='word_1_145' title='bbox 777 2291 907 2350; x_wconf 90' lang='lat' dir='ltr'><strong>discente</strong></span> <span class='ocrx_word' id='word_1_146' title='bbox 936 2292 1068 2367; x_wconf 86' lang='lat' dir='ltr'><strong>collapsa</strong></span> <span class='ocrx_word' id='word_1_147' title='bbox 1100 2294 1152 2350; x_wconf 89' lang='lat' dir='ltr'><strong>est.</strong></span> 
     </span>
     <span class='ocr_line' id='line_1_21' title="bbox 107 2379 1153 2458; baseline -0.003 -16"><span class='ocrx_word' id='word_1_148' title='bbox 107 2402 133 2442; x_wconf 81' lang='lat' dir='ltr'><strong>sc</strong></span> <span class='ocrx_word' id='word_1_149' title='bbox 146 2379 250 2455; x_wconf 88' lang='lat' dir='ltr'><strong>Nuper</strong></span> <span class='ocrx_word' id='word_1_150' title='bbox 268 2399 337 2439; x_wconf 87' lang='lat' dir='ltr'><strong>vero</strong></span> <span class='ocrx_word' id='word_1_151' title='bbox 356 2383 489 2456; x_wconf 86' lang='lat' dir='ltr'><strong>exemplo</strong></span> <span class='ocrx_word' id='word_1_152' title='bbox 507 2381 684 2439; x_wconf 88' lang='lat' dir='ltr'><strong>Hunnorum</strong></span> <span class='ocrx_word' id='word_1_153' title='bbox 702 2382 764 2439; x_wconf 89' lang='lat' dir='ltr'><strong>sive</strong></span> <span class='ocrx_word' id='word_1_154' title='bbox 783 2382 916 2458; x_wconf 88' lang='lat' dir='ltr'><strong>gentium</strong></span> <span class='ocrx_word' id='word_1_155' title='bbox 935 2381 1061 2438; x_wconf 85' lang='lat' dir='ltr'><strong>alierum</strong></span> <span class='ocrx_word' id='word_1_156' title='bbox 1079 2381 1153 2440; x_wconf 87' lang='lat' dir='ltr'><strong>artis</strong></span> 
     </span>
    </p>
   </div>
   <div class='ocr_carea' id='block_1_6' title="bbox 144 2619 1152 3682">
    <p class='ocr_par' dir='ltr' id='par_1_6' title="bbox 144 2619 1152 3327">
     <span class='ocr_line' id='line_1_22' title="bbox 218 2619 1152 2688; baseline -0.001 -14"><span class='ocrx_word' id='word_1_157' title='bbox 218 2628 231 2674; x_wconf 93' lang='lat'>1</span> <span class='ocrx_word' id='word_1_158' title='bbox 251 2620 345 2674; x_wconf 90' lang='lat' dir='ltr'><strong>eburis</strong></span> <span class='ocrx_word' id='word_1_159' title='bbox 363 2622 390 2674; x_wconf 99' lang='lat' dir='ltr'><strong><em>A</em></strong></span> <span class='ocrx_word' id='word_1_160' title='bbox 412 2622 422 2688; x_wconf 83' lang='grc' dir='ltr'><strong>ΙΙ</strong></span> <span class='ocrx_word' id='word_1_161' title='bbox 446 2625 514 2672; x_wconf 85' lang='grc'><strong>1-3</strong></span> <span class='ocrx_word' id='word_1_162' title='bbox 534 2636 588 2674; x_wconf 87' lang='lat' dir='ltr'><strong>ane</strong></span> <span class='ocrx_word' id='word_1_163' title='bbox 607 2620 643 2672; x_wconf 86' lang='lat' dir='ltr'><strong>ad</strong></span> <span class='ocrx_word' id='word_1_164' title='bbox 661 2619 774 2675; x_wconf 89' lang='lat' dir='ltr'><strong>libitum</strong></span> <span class='ocrx_word' id='word_1_165' title='bbox 796 2623 855 2674; x_wconf 89' lang='lat' dir='ltr'><strong>tere</strong></span> <span class='ocrx_word' id='word_1_166' title='bbox 874 2623 903 2674; x_wconf 88' lang='lat' dir='ltr'><strong>et</strong></span> <span class='ocrx_word' id='word_1_167' title='bbox 920 2621 1057 2688; x_wconf 89' lang='lat' dir='ltr'><strong>permisce</strong></span> <span class='ocrx_word' id='word_1_168' title='bbox 1076 2619 1152 2673; x_wconf 91' lang='lat' dir='ltr'><strong>domi</strong></span> 
     </span>
     <span class='ocr_line' id='line_1_23' title="bbox 145 2690 1152 2761; baseline 0.001 -17"><span class='ocrx_word' id='word_1_169' title='bbox 145 2691 189 2744; x_wconf 86' lang='lat' dir='ltr'><strong>vel</strong></span> <span class='ocrx_word' id='word_1_170' title='bbox 207 2691 307 2746; x_wconf 88' lang='lat' dir='ltr'><strong>itinere</strong></span> <span class='ocrx_word' id='word_1_171' title='bbox 325 2692 403 2760; x_wconf 86' lang='lat' dir='ltr'><strong>prius</strong></span> <span class='ocrx_word' id='word_1_172' title='bbox 422 2691 528 2745; x_wconf 86' lang='lat' dir='ltr'><strong>dictam</strong></span> <span class='ocrx_word' id='word_1_173' title='bbox 546 2708 590 2760; x_wconf 92' lang='lat' dir='ltr'><strong>op.</strong></span> <span class='ocrx_word' id='word_1_174' title='bbox 605 2691 668 2744; x_wconf 87' lang='lat' dir='ltr'><strong>hab.</strong></span> <span class='ocrx_word' id='word_1_175' title='bbox 685 2694 712 2746; x_wconf 96' lang='lat' dir='ltr'><strong><em>P</em></strong></span> <span class='ocrx_word' id='word_1_176' title='bbox 727 2694 736 2761; x_wconf 88' lang='grc' dir='ltr'><strong>ΙΙ</strong></span> <span class='ocrx_word' id='word_1_177' title='bbox 755 2697 770 2744; x_wconf 86' lang='grc'>3</span> <span class='ocrx_word' id='word_1_178' title='bbox 789 2695 922 2761; x_wconf 83' lang='lat' dir='ltr'><strong>promptu</strong></span> <span class='ocrx_word' id='word_1_179' title='bbox 936 2694 963 2746; x_wconf 99' lang='lat' dir='ltr'><strong><em>A</em></strong></span> <span class='ocrx_word' id='word_1_180' title='bbox 980 2695 983 2759; x_wconf 91' lang='grc' dir='ltr'>Ι</span> <span class='ocrx_word' id='word_1_181' title='bbox 999 2690 1043 2745; x_wconf 90' lang='lat' dir='ltr'><strong>vel</strong></span> <span class='ocrx_word' id='word_1_182' title='bbox 1056 2693 1084 2745; x_wconf 89' lang='lat' dir='ltr'><strong><em>A</em></strong></span> <span class='ocrx_word' id='word_1_183' title='bbox 1103 2693 1152 2752; x_wconf 82' lang='lat' dir='ltr'><strong>aut</strong></span> 
     </span>
     <span class='ocr_line' id='line_1_24' title="bbox 144 2760 1149 2834; baseline 0.002 -20"><span class='ocrx_word' id='word_1_184' title='bbox 144 2781 180 2814; x_wconf 94' lang='lat' dir='ltr'><strong>m.</strong></span> <span class='ocrx_word' id='word_1_185' title='bbox 200 2765 249 2816; x_wconf 83' lang='lat' dir='ltr'><strong>aut</strong></span> <span class='ocrx_word' id='word_1_186' title='bbox 267 2763 293 2816; x_wconf 90' lang='lat' dir='ltr'><strong>h.</strong></span> <span class='ocrx_word' id='word_1_187' title='bbox 309 2764 368 2817; x_wconf 91' lang='lat' dir='ltr'><strong>FP</strong></span> <span class='ocrx_word' id='word_1_188' title='bbox 401 2765 410 2832; x_wconf 79' lang='grc' dir='ltr'><strong>ΙΙ</strong></span> <span class='ocrx_word' id='word_1_189' title='bbox 441 2760 582 2815; x_wconf 69' lang='lat' dir='ltr'><strong>dauimel</strong></span> <span class='ocrx_word' id='word_1_190' title='bbox 600 2779 650 2816; x_wconf 83' lang='lat' dir='ltr'><strong>om.</strong></span> <span class='ocrx_word' id='word_1_191' title='bbox 669 2764 697 2816; x_wconf 89' lang='lat' dir='ltr'><strong><em>A</em></strong></span> <span class='ocrx_word' id='word_1_192' title='bbox 711 2770 774 2831; x_wconf 80' lang='lat' dir='ltr'><strong>post</strong></span> <span class='ocrx_word' id='word_1_193' title='bbox 792 2763 921 2832; x_wconf 89' lang='lat' dir='ltr'><strong>quotiens</strong></span> <span class='ocrx_word' id='word_1_194' title='bbox 940 2769 1051 2831; x_wconf 75' lang='lat' dir='ltr'><strong>ponuat</strong></span> <span class='ocrx_word' id='word_1_195' title='bbox 1068 2761 1149 2834; x_wconf 66' lang='lat' dir='ltr'><strong>FP!</strong></span> 
     </span>
     <span class='ocr_line' id='line_1_25' title="bbox 145 2832 1151 2902; baseline 0 -17"><span class='ocrx_word' id='word_1_196' title='bbox 145 2832 241 2887; x_wconf 88' lang='lat' dir='ltr'><strong>labore</strong></span> <span class='ocrx_word' id='word_1_197' title='bbox 259 2835 447 2902; x_wconf 86' lang='lat' dir='ltr'><strong>temperatum</strong></span> <span class='ocrx_word' id='word_1_198' title='bbox 461 2833 488 2886; x_wconf 99' lang='lat' dir='ltr'><strong><em>A</em></strong></span> <span class='ocrx_word' id='word_1_199' title='bbox 501 2834 541 2901; x_wconf 83' lang='grc' dir='ltr'><strong>1Ιὸ</strong></span> <span class='ocrx_word' id='word_1_200' title='bbox 561 2832 595 2886; x_wconf 90' lang='lat' dir='ltr'><strong>de</strong></span> <span class='ocrx_word' id='word_1_201' title='bbox 614 2833 690 2886; x_wconf 89' lang='lat' dir='ltr'><strong>dicto</strong></span> <span class='ocrx_word' id='word_1_202' title='bbox 709 2853 735 2902; x_wconf 90' lang='lat' dir='ltr'><strong>p.</strong></span> <span class='ocrx_word' id='word_1_203' title='bbox 751 2836 799 2902; x_wconf 74' lang='lat' dir='ltr'><strong>Pu</strong></span> <span class='ocrx_word' id='word_1_204' title='bbox 813 2839 832 2886; x_wconf 36' lang='lat'><strong>6*</strong></span> <span class='ocrx_word' id='word_1_205' title='bbox 848 2833 987 2887; x_wconf 84' lang='lat' dir='ltr'><strong>diffimdes</strong></span> <span class='ocrx_word' id='word_1_206' title='bbox 1002 2835 1029 2887; x_wconf 92' lang='lat' dir='ltr'><strong><em>A</em></strong></span> <span class='ocrx_word' id='word_1_207' title='bbox 1045 2835 1048 2901; x_wconf 90' lang='grc' dir='ltr'>Ι</span> <span class='ocrx_word' id='word_1_208' title='bbox 1065 2833 1151 2886; x_wconf 88' lang='lat' dir='ltr'><strong>etiam</strong></span> 
     </span>
     <span class='ocr_line' id='line_1_26' title="bbox 144 2903 1152 2973; baseline -0.002 -16"><span class='ocrx_word' id='word_1_209' title='bbox 144 2921 194 2957; x_wconf 77' lang='lat' dir='ltr'><strong>ore.</strong></span> <span class='ocrx_word' id='word_1_210' title='bbox 210 2906 255 2973; x_wconf 71' lang='lat' dir='ltr'><strong>Pl</strong></span> <span class='ocrx_word' id='word_1_211' title='bbox 272 2920 342 2973; x_wconf 91' lang='lat' dir='ltr'><strong>equo</strong></span> <span class='ocrx_word' id='word_1_212' title='bbox 361 2922 411 2959; x_wconf 87' lang='lat' dir='ltr'><strong>om.</strong></span> <span class='ocrx_word' id='word_1_213' title='bbox 427 2905 455 2957; x_wconf 89' lang='lat' dir='ltr'><strong><em>A</em></strong></span> <span class='ocrx_word' id='word_1_214' title='bbox 467 2906 476 2972; x_wconf 74' lang='grc'><strong>11</strong></span> <span class='ocrx_word' id='word_1_215' title='bbox 496 2908 510 2955; x_wconf 80' lang='lat' dir='ltr'><strong>‘l</strong></span> <span class='ocrx_word' id='word_1_216' title='bbox 531 2903 715 2957; x_wconf 86' lang='lat' dir='ltr'><strong>constitutum</strong></span> <span class='ocrx_word' id='word_1_217' title='bbox 733 2907 761 2959; x_wconf 92' lang='lat' dir='ltr'><strong><em>A</em></strong></span> <span class='ocrx_word' id='word_1_218' title='bbox 779 2906 931 2958; x_wconf 90' lang='lat' dir='ltr'><strong>constituto</strong></span> <span class='ocrx_word' id='word_1_219' title='bbox 950 2921 1022 2972; x_wconf 90' lang='lat' dir='ltr'><strong>equo</strong></span> <span class='ocrx_word' id='word_1_220' title='bbox 1041 2903 1152 2973; x_wconf 85' lang='lat' dir='ltr'><strong>digerat</strong></span> 
     </span>
     <span class='ocr_line' id='line_1_27' title="bbox 145 2973 1152 3044; baseline -0.002 -16"><span class='ocrx_word' id='word_1_221' title='bbox 145 2975 176 3028; x_wconf 89' lang='lat' dir='ltr'><strong><em>F</em></strong></span> <span class='ocrx_word' id='word_1_222' title='bbox 186 2991 208 3028; x_wconf 94' lang='lat' dir='ltr'><strong>c.</strong></span> <span class='ocrx_word' id='word_1_223' title='bbox 223 2991 246 3028; x_wconf 92' lang='lat' dir='ltr'><strong>e.</strong></span> <span class='ocrx_word' id='word_1_224' title='bbox 262 2975 343 3029; x_wconf 88' lang='lat' dir='ltr'><strong>dabis</strong></span> <span class='ocrx_word' id='word_1_225' title='bbox 362 2978 389 3029; x_wconf 90' lang='lat' dir='ltr'><strong><em>P</em></strong></span> <span class='ocrx_word' id='word_1_226' title='bbox 404 2978 414 3044; x_wconf 80' lang='grc' dir='ltr'><strong>ΙΙ</strong></span> <span class='ocrx_word' id='word_1_227' title='bbox 432 2981 448 3028; x_wconf 87' lang='grc'>8</span> <span class='ocrx_word' id='word_1_228' title='bbox 467 2975 624 3044; x_wconf 86' lang='lat' dir='ltr'><strong>approbata</strong></span> <span class='ocrx_word' id='word_1_229' title='bbox 642 2976 706 3028; x_wconf 91' lang='lat' dir='ltr'><strong><em>AF</em></strong></span> <span class='ocrx_word' id='word_1_230' title='bbox 720 2975 789 3029; x_wconf 85' lang='lat' dir='ltr'><strong>haec</strong></span> <span class='ocrx_word' id='word_1_231' title='bbox 808 2992 831 3030; x_wconf 92' lang='lat' dir='ltr'><strong>c.</strong></span> <span class='ocrx_word' id='word_1_232' title='bbox 850 2978 893 3029; x_wconf 89' lang='lat' dir='ltr'><strong>est</strong></span> <span class='ocrx_word' id='word_1_233' title='bbox 910 2994 951 3044; x_wconf 88' lang='lat' dir='ltr'><strong>pr.</strong></span> <span class='ocrx_word' id='word_1_234' title='bbox 967 2977 1015 3043; x_wconf 71' lang='lat' dir='ltr'><strong>Pp</strong></span> <span class='ocrx_word' id='word_1_235' title='bbox 1029 2980 1044 3026; x_wconf 83' lang='grc'><strong>9</strong></span> <span class='ocrx_word' id='word_1_236' title='bbox 1063 2973 1152 3028; x_wconf 92' lang='lat' dir='ltr'><strong>hemi-</strong></span> 
     </span>
     <span class='ocr_line' id='line_1_28' title="bbox 144 3044 1152 3117; baseline 0.001 -19"><span class='ocrx_word' id='word_1_237' title='bbox 144 3061 210 3099; x_wconf 85' lang='lat' dir='ltr'><strong>nam</strong></span> <span class='ocrx_word' id='word_1_238' title='bbox 228 3047 267 3100; x_wconf 82' lang='lat' dir='ltr'><strong>cd.</strong></span> <span class='ocrx_word' id='word_1_239' title='bbox 278 3063 322 3114; x_wconf 76' lang='lat' dir='ltr'><strong>pr.</strong></span> <span class='ocrx_word' id='word_1_240' title='bbox 349 3048 352 3114; x_wconf 89' lang='grc' dir='ltr'>Ι</span> <span class='ocrx_word' id='word_1_241' title='bbox 375 3045 506 3099; x_wconf 87' lang='lat' dir='ltr'><strong>tussienti</strong></span> <span class='ocrx_word' id='word_1_242' title='bbox 525 3063 589 3100; x_wconf 88' lang='lat' dir='ltr'><strong>cum</strong></span> <span class='ocrx_word' id='word_1_243' title='bbox 607 3061 658 3099; x_wconf 90' lang='lat' dir='ltr'><strong>em.</strong></span> <span class='ocrx_word' id='word_1_244' title='bbox 672 3045 749 3114; x_wconf 87' lang='lat' dir='ltr'><strong>passi</strong></span> <span class='ocrx_word' id='word_1_245' title='bbox 768 3047 836 3100; x_wconf 85' lang='lat' dir='ltr'><strong>deta</strong></span> <span class='ocrx_word' id='word_1_246' title='bbox 854 3047 951 3100; x_wconf 87' lang='lat' dir='ltr'><strong>statim</strong></span> <span class='ocrx_word' id='word_1_247' title='bbox 969 3044 1084 3099; x_wconf 84' lang='lat' dir='ltr'><strong>confert.</strong></span> <span class='ocrx_word' id='word_1_248' title='bbox 1099 3048 1127 3099; x_wconf 93' lang='lat' dir='ltr'><strong><em>P</em></strong></span> <span class='ocrx_word' id='word_1_249' title='bbox 1142 3045 1152 3117; x_wconf 70' lang='lat' dir='ltr'><strong>ll</strong></span> 
     </span>
     <span class='ocr_line' id='line_1_29' title="bbox 145 3115 1151 3186; baseline 0.002 -18"><span class='ocrx_word' id='word_1_250' title='bbox 145 3121 178 3169; x_wconf 73' lang='lat'><strong>12</strong></span> <span class='ocrx_word' id='word_1_251' title='bbox 193 3116 363 3180; x_wconf 80' lang='lat' dir='ltr'><strong>diversised.</strong></span> <span class='ocrx_word' id='word_1_252' title='bbox 374 3135 419 3186; x_wconf 79' lang='lat' dir='ltr'><strong>pr.</strong></span> <span class='ocrx_word' id='word_1_253' title='bbox 434 3117 461 3170; x_wconf 99' lang='lat' dir='ltr'><strong><em>A</em></strong></span> <span class='ocrx_word' id='word_1_254' title='bbox 477 3121 481 3185; x_wconf 91' lang='grc' dir='ltr'>Ι</span> <span class='ocrx_word' id='word_1_255' title='bbox 498 3117 651 3171; x_wconf 86' lang='lat' dir='ltr'><strong>enucleatis</strong></span> <span class='ocrx_word' id='word_1_256' title='bbox 665 3119 757 3171; x_wconf 90' lang='lat' dir='ltr'><strong><em>AFP</em></strong></span> <span class='ocrx_word' id='word_1_257' title='bbox 768 3119 777 3186; x_wconf 75' lang='grc' dir='ltr'>Η</span> <span class='ocrx_word' id='word_1_258' title='bbox 793 3123 825 3170; x_wconf 90' lang='grc'><strong>13</strong></span> <span class='ocrx_word' id='word_1_259' title='bbox 839 3117 963 3171; x_wconf 88' lang='lat' dir='ltr'><strong>medenti</strong></span> <span class='ocrx_word' id='word_1_260' title='bbox 977 3115 1151 3185; x_wconf 88' lang='lat' dir='ltr'><strong>expositione</strong></span> 
     </span>
     <span class='ocr_line' id='line_1_30' title="bbox 145 3187 1151 3257; baseline 0.001 -16"><span class='ocrx_word' id='word_1_261' title='bbox 145 3187 206 3241; x_wconf 89' lang='lat' dir='ltr'><strong>PF</strong></span> <span class='ocrx_word' id='word_1_262' title='bbox 224 3190 233 3255; x_wconf 85' lang='grc' dir='ltr'><strong>ΙΙ</strong></span> <span class='ocrx_word' id='word_1_263' title='bbox 261 3194 294 3240; x_wconf 84' lang='grc'><strong>14</strong></span> <span class='ocrx_word' id='word_1_264' title='bbox 313 3188 493 3256; x_wconf 87' lang='lat' dir='ltr'><strong>consequenti</strong></span> <span class='ocrx_word' id='word_1_265' title='bbox 511 3205 531 3241; x_wconf 87' lang='lat' dir='ltr'><strong>r.</strong></span> <span class='ocrx_word' id='word_1_266' title='bbox 547 3190 575 3242; x_wconf 89' lang='lat' dir='ltr'><strong><em>A</em></strong></span> <span class='ocrx_word' id='word_1_267' title='bbox 594 3188 774 3254; x_wconf 89' lang='lat' dir='ltr'><strong>consequenti</strong></span> <span class='ocrx_word' id='word_1_268' title='bbox 793 3203 826 3241; x_wconf 86' lang='lat' dir='ltr'><strong>ac</strong></span> <span class='ocrx_word' id='word_1_269' title='bbox 843 3207 864 3240; x_wconf 92' lang='lat' dir='ltr'><strong>r.</strong></span> <span class='ocrx_word' id='word_1_270' title='bbox 880 3189 911 3241; x_wconf 94' lang='lat' dir='ltr'><strong><em>F</em></strong></span> <span class='ocrx_word' id='word_1_271' title='bbox 928 3191 937 3257; x_wconf 77' lang='grc'><strong>[1</strong></span> <span class='ocrx_word' id='word_1_272' title='bbox 966 3193 998 3241; x_wconf 79' lang='grc'><strong>15</strong></span> <span class='ocrx_word' id='word_1_273' title='bbox 1017 3190 1151 3254; x_wconf 85' lang='lat' dir='ltr'><strong>querente</strong></span> 
     </span>
     <span class='ocr_line' id='line_1_31' title="bbox 144 3259 662 3327; baseline 0.006 -17"><span class='ocrx_word' id='word_1_274' title='bbox 144 3259 299 3327; x_wconf 84' lang='lat' dir='ltr'><strong>(quaerenti</strong></span> <span class='ocrx_word' id='word_1_275' title='bbox 320 3259 355 3323; x_wconf 76' lang='lat' dir='ltr'><strong>G)</strong></span> <span class='ocrx_word' id='word_1_276' title='bbox 374 3259 514 3313; x_wconf 83' lang='lat' dir='ltr'><strong>confunda</strong></span> <span class='ocrx_word' id='word_1_277' title='bbox 532 3261 582 3311; x_wconf 82' lang='lat' dir='ltr'><strong>aut</strong></span> <span class='ocrx_word' id='word_1_278' title='bbox 599 3261 619 3312; x_wconf 91' lang='lat' dir='ltr'><strong>t.</strong></span> <span class='ocrx_word' id='word_1_279' title='bbox 635 3261 662 3313; x_wconf 92' lang='lat' dir='ltr'><strong><em>A</em></strong></span> 
     </span>
    </p>

    <p class='ocr_par' dir='ltr' id='par_1_7' title="bbox 144 3329 1151 3540">
     <span class='ocr_line' id='line_1_32' title="bbox 214 3329 1151 3401; baseline 0.001 -20"><span class='ocrx_word' id='word_1_280' title='bbox 214 3329 308 3383; x_wconf 84' lang='lat' dir='ltr'><strong>Publii</strong></span> <span class='ocrx_word' id='word_1_281' title='bbox 330 3330 443 3401; x_wconf 87' lang='lat' dir='ltr'><strong>Vegetii</strong></span> <span class='ocrx_word' id='word_1_282' title='bbox 464 3329 568 3383; x_wconf 83' lang='lat' dir='ltr'><strong>chati</strong></span> <span class='ocrx_word' id='word_1_283' title='bbox 591 3330 644 3382; x_wconf 89' lang='lat' dir='ltr'><strong>viri</strong></span> <span class='ocrx_word' id='word_1_284' title='bbox 669 3329 840 3400; x_wconf 87' lang='lat' dir='ltr'><strong>digestorum</strong></span> <span class='ocrx_word' id='word_1_285' title='bbox 865 3329 933 3382; x_wconf 84' lang='lat' dir='ltr'><strong>artie</strong></span> <span class='ocrx_word' id='word_1_286' title='bbox 958 3329 1151 3384; x_wconf 89' lang='lat' dir='ltr'><strong>mulomedici-</strong></span> 
     </span>
     <span class='ocr_line' id='line_1_33' title="bbox 144 3399 1148 3470; baseline 0 -18"><span class='ocrx_word' id='word_1_287' title='bbox 144 3399 216 3453; x_wconf 86' lang='lat' dir='ltr'><strong>nalis</strong></span> <span class='ocrx_word' id='word_1_288' title='bbox 243 3400 315 3454; x_wconf 88' lang='lat' dir='ltr'><strong>liber</strong></span> <span class='ocrx_word' id='word_1_289' title='bbox 340 3403 447 3470; x_wconf 88' lang='lat' dir='ltr'><strong>primus</strong></span> <span class='ocrx_word' id='word_1_290' title='bbox 475 3399 597 3468; x_wconf 78' lang='lat' dir='ltr'><strong>explicit.</strong></span> <span class='ocrx_word' id='word_1_291' title='bbox 638 3400 741 3468; x_wconf 87' lang='lat' dir='ltr'><strong>Incipit</strong></span> <span class='ocrx_word' id='word_1_292' title='bbox 771 3399 946 3469; x_wconf 90' lang='lat' dir='ltr'><strong>prohemium</strong></span> <span class='ocrx_word' id='word_1_293' title='bbox 978 3401 1093 3454; x_wconf 88' lang='lat' dir='ltr'><strong>secundi</strong></span> <span class='ocrx_word' id='word_1_294' title='bbox 1116 3403 1148 3454; x_wconf 92' lang='lat' dir='ltr'><strong>P.</strong></span> 
     </span>
     <span class='ocr_line' id='line_1_34' title="bbox 144 3471 870 3540; baseline 0.004 -18"><span class='ocrx_word' id='word_1_295' title='bbox 144 3471 207 3523; x_wconf 86' lang='lat' dir='ltr'><strong>finis</strong></span> <span class='ocrx_word' id='word_1_296' title='bbox 224 3471 308 3539; x_wconf 88' lang='lat' dir='ltr'><strong>primi</strong></span> <span class='ocrx_word' id='word_1_297' title='bbox 326 3472 416 3525; x_wconf 89' lang='lat' dir='ltr'><strong>huius.</strong></span> <span class='ocrx_word' id='word_1_298' title='bbox 442 3471 544 3540; x_wconf 88' lang='lat' dir='ltr'><strong>incipit</strong></span> <span class='ocrx_word' id='word_1_299' title='bbox 561 3471 633 3525; x_wconf 91' lang='lat' dir='ltr'><strong>liber</strong></span> <span class='ocrx_word' id='word_1_300' title='bbox 651 3472 788 3525; x_wconf 88' lang='lat' dir='ltr'><strong>secundus</strong></span> <span class='ocrx_word' id='word_1_301' title='bbox 807 3472 870 3525; x_wconf 92' lang='lat' dir='ltr'><strong><em>AF</em></strong></span> 
     </span>
    </p>

    <p class='ocr_par' dir='ltr' id='par_1_8' title="bbox 145 3541 1150 3682">
     <span class='ocr_line' id='line_1_35' title="bbox 216 3541 1150 3611; baseline 0 -18"><span class='ocrx_word' id='word_1_302' title='bbox 216 3546 249 3594; x_wconf 91' lang='lat'><strong>18</strong></span> <span class='ocrx_word' id='word_1_303' title='bbox 268 3542 336 3596; x_wconf 85' lang='lat' dir='ltr'><strong>artis</strong></span> <span class='ocrx_word' id='word_1_304' title='bbox 355 3545 383 3596; x_wconf 93' lang='lat' dir='ltr'><strong><em>P</em></strong></span> <span class='ocrx_word' id='word_1_305' title='bbox 410 3546 414 3611; x_wconf 81' lang='grc' dir='ltr'>Ι</span> <span class='ocrx_word' id='word_1_306' title='bbox 443 3557 498 3594; x_wconf 89' lang='lat' dir='ltr'><strong>non</strong></span> <span class='ocrx_word' id='word_1_307' title='bbox 517 3541 634 3595; x_wconf 90' lang='lat' dir='ltr'><strong>dubium</strong></span> <span class='ocrx_word' id='word_1_308' title='bbox 652 3545 680 3597; x_wconf 90' lang='lat' dir='ltr'><strong><em>A</em></strong></span> <span class='ocrx_word' id='word_1_309' title='bbox 707 3545 715 3611; x_wconf 73' lang='lat' dir='ltr'><strong>ll</strong></span> <span class='ocrx_word' id='word_1_310' title='bbox 746 3547 824 3596; x_wconf 76' lang='lat'>1911.</span> <span class='ocrx_word' id='word_1_311' title='bbox 844 3541 936 3595; x_wconf 88' lang='lat' dir='ltr'><strong>studio</strong></span> <span class='ocrx_word' id='word_1_312' title='bbox 956 3541 1018 3594; x_wconf 86' lang='lat' dir='ltr'><strong>finis</strong></span> <span class='ocrx_word' id='word_1_313' title='bbox 1038 3542 1150 3594; x_wconf 82' lang='lat' dir='ltr'><strong>d.Pn.</strong></span> 
     </span>
     <span class='ocr_line' id='line_1_36' title="bbox 145 3611 985 3682; baseline 0.004 -19"><span class='ocrx_word' id='word_1_314' title='bbox 145 3612 286 3665; x_wconf 88' lang='lat' dir='ltr'><strong>studiosus</strong></span> <span class='ocrx_word' id='word_1_315' title='bbox 305 3613 330 3665; x_wconf 91' lang='lat' dir='ltr'><strong>d.</strong></span> <span class='ocrx_word' id='word_1_316' title='bbox 346 3615 374 3667; x_wconf 90' lang='lat' dir='ltr'><strong><em>A</em></strong></span> <span class='ocrx_word' id='word_1_317' title='bbox 387 3615 396 3680; x_wconf 89' lang='grc' dir='ltr'><strong>ΙΙ</strong></span> <span class='ocrx_word' id='word_1_318' title='bbox 410 3618 444 3665; x_wconf 78' lang='lat'><strong>20</strong></span> <span class='ocrx_word' id='word_1_319' title='bbox 462 3612 599 3681; x_wconf 88' lang='lat' dir='ltr'><strong>numquid</strong></span> <span class='ocrx_word' id='word_1_320' title='bbox 617 3615 656 3668; x_wconf 84' lang='lat' dir='ltr'><strong>cd.</strong></span> <span class='ocrx_word' id='word_1_321' title='bbox 667 3631 711 3682; x_wconf 76' lang='lat' dir='ltr'><strong>pr.</strong></span> <span class='ocrx_word' id='word_1_322' title='bbox 727 3614 755 3668; x_wconf 92' lang='lat' dir='ltr'><strong><em>A</em></strong></span> <span class='ocrx_word' id='word_1_323' title='bbox 771 3616 774 3679; x_wconf 94' lang='grc' dir='ltr'>Ι</span> <span class='ocrx_word' id='word_1_324' title='bbox 791 3611 939 3682; x_wconf 81' lang='lat' dir='ltr'><strong>gentilium</strong></span> <span class='ocrx_word' id='word_1_325' title='bbox 958 3614 985 3666; x_wconf 92' lang='lat' dir='ltr'><strong><em>A</em></strong></span> 
     </span>
    </p>
   </div>
   <div class='ocr_carea' id='block_1_7' title="bbox 0 0 1346 3920">
    <p class='ocr_par' dir='ltr' id='par_1_9' title="bbox 0 0 1346 3920">
     <span class='ocr_line' id='line_1_37' title="bbox 0 0 1346 3920; baseline 0 1"><span class='ocrx_word' id='word_1_326' title='bbox 0 0 1346 3920; x_wconf 95' lang='lat' dir='ltr'><strong> </strong></span> 
     </span>
    </p>
   </div>
  </div>
 </body>
</html>
