2668 3920
183 193 248 247 XIV
434 236 436 238 .
581 193 623 248 De
642 193 793 248 codicibus.

183 365 302 421 tantum
329 362 532 438 inscriptionis
559 363 701 438 reliquias
731 362 921 422 tenuissimas
949 363 1074 420 alteram
1103 363 1199 422 diocr-

183 469 283 510 sorcm
306 454 588 512 emolumentorum
611 451 665 512 sub
688 451 745 510 fine
768 451 873 510 indicis
898 450 1097 526 capitulorum
1119 453 1197 527 posi·

183 543 255 614 tam,
279 541 405 598 alteram
423 543 516 599 totius
535 541 605 599 libri
623 541 810 616 Dtpastmmn
829 542 903 600 artis
922 533 1198 622 mulomedicinaffl)

182 629 342 706 Vegetium
372 632 473 688 autem
499 647 559 688 non
588 647 651 688 esso
681 632 832 688 auctorem
858 629 1118 704 mulomedicinao‚
1148 630 1198 688 vir

184 720 342 794 quisquam
365 718 421 776 sibi
443 719 633 793 persuadeat,
663 717 811 797 sisecum
833 721 953 794 reputet
975 718 1198 794 inscriptionem

182 807 266 866 illam
289 826 348 866 non
367 809 515 882 pertinere
534 807 572 866 ad
591 808 718 866 alterum
736 810 856 867 tantum
874 824 947 884 opus
966 839 1010 848 -
1030 807 1136 885 Vegeti
1157 838 1195 848 —
1232 873 1236 880 ,

183 896 235 955 sed
258 895 296 954 ad
318 898 491 972 utrumque,
519 899 549 954 ot
570 895 678 972 Vegeti
701 899 731 955 et
754 894 869 974 Gargili
891 895 1053 955 Martialis:
1076 898 1199 972 ponitur

183 987 262 1043 enim
290 987 417 1061 utroque
448 986 513 1044 loco
542 987 574 1043 in
604 985 661 1044 fine
691 987 721 1044 et
753 983 952 1060 capitulorum
981 986 1135 1061 utriusque
1168 989 1199 1044 et

182 1076 289 1133 textus.
332 1072 443 1142 Quodsi
460 1092 530 1133 vero
548 1074 580 1132 id
599 1074 881 1134 consideraverimus
904 1073 1051 1149 quomodo
1075 1073 1198 1133 alterius

183 1163 317 1238 opusculi
341 1165 453 1236 auctor,
476 1162 626 1240 Gargilius
645 1163 802 1238 Martialis,
825 1163 1003 1237 nominetur,
1025 1181 1085 1221 non
1107 1164 1198 1222 mira·

181 1251 280 1310 bimur
308 1252 340 1309 in
367 1253 414 1310 tot
442 1254 596 1328 tantisque
625 1252 740 1311 lacunis
774 1252 910 1310 interisse
939 1270 1046 1310 nomen
1075 1251 1198 1330 Vegeti:

182 1341 287 1400 similis
311 1344 356 1400 est
377 1360 424 1400 res
447 1341 479 1398 in
501 1340 571 1400 libri
592 1340 636 1399 IV
658 1341 758 1415 titulo,
782 1342 834 1417 qui
856 1342 888 1398 in
912 1340 1089 1415 quibusdam
1111 1340 1198 1399 libris

183 1422 221 1510 (P
239 1433 269 1488 et
286 1422 332 1510 M)
360 1432 501 1506 anonymi
532 1431 626 1488 fertur
653 1430 688 1490 dc
715 1432 794 1490 curis
826 1431 911 1488 bocca
939 1432 1063 1503 epitoma
1091 1447 1125 1488 ecc
1152 1429 1196 1488 di·

181 1521 273 1578 ccrsis
296 1521 470 1578 auctoribus.

248 1607 390 1666 Eiusdem
425 1608 604 1666 recensionis
635 1607 780 1666 librorum
812 1606 920 1684 Vegeti
952 1625 1042 1682 quam
1073 1605 1197 1682 praebet

182 1696 272 1754 codex
288 1695 479 1769 Gorbeicnsis,
497 1716 557 1755 non
575 1697 674 1754 exstat
692 1695 820 1754 alterum
838 1695 987 1770 exemplar
1005 1713 1059 1754 nec
1077 1698 1196 1770 praeter

181 1784 311 1843 codicem
329 1784 502 1842 Leidensem
525 1785 607 1843 aliud
625 1785 755 1842 eiusdem
773 1781 882 1843 codicis
901 1785 947 1842 est
964 1776 1195 1864 apographoufl)

180 1873 224 1932 At
245 1875 377 1948 proxime
401 1873 544 1932 accedunt
561 1873 730 1950 fragmenta
752 1873 898 1948 quaedam
919 1873 1136 1947 antiquissima,
1158 1872 1194 1930 in

147 1961 301 2022 Scodico
321 1961 551 2039 Sangallensi
574 1964 751 2037 rescripto
776 1963 901 2020 servata.
943 1961 999 2019 Est
1019 1960 1193 2020 11111908

182 2043 336 2133 (Schemer
357 2070 385 2126 p.
407 2042 606 2132 324—328),
630 2051 682 2125 qui
703 2051 785 2108 totus
803 2051 864 2109 fere
883 2069 918 2108 ox
940 2049 1020 2108 foliis
1042 2048 1194 2124 rescriptis

182 2143 298 2199 constat
306 2141 384 2200 varii
398 2141 563 2216 argument'
572 2132 607 2220 ³),
619 2141 651 2196 in
662 2138 768 2214 quibus
783 2157 801 2196 a
814 2157 891 2198 novo
901 2137 1023 2198 librario
1034 2156 1108 2196 saec.
1119 2137 1195 2196 VHI

181 2231 292 2305 scripta
325 2231 394 2289 sunt
430 2231 567 2304 excerpta
604 2228 869 2288 ecclesiasticorum
904 2230 934 2286 et
969 2227 1193 2288 vocabularium

181 2317 331 2376 Latinum.
381 2318 561 2395 Fragmenta
601 2317 846 2376 mulomedioinae
889 2317 961 2376 artis
1003 2318 1194 2376 continentur

181 2426 248 2484 pag.
279 2409 341 2465 277
351 2409 475 2465 —292
532 2405 668 2465 Codicem
700 2407 956 2481 pretiosissimum
995 2405 1193 2464 bibliothecae
1265 2469 1274 2480 ι

183 2494 211 2553 S.
231 2495 310 2554 Galli
332 2496 500 2571 praefectus
528 2494 672 2573 singulari
699 2513 766 2553 cum
792 2494 973 2553 liberalitate
1002 2496 1036 2552 ut
1058 2497 1121 2570 ipse
1145 2513 1193 2550 ex-

181 2587 310 2644 cuterem
327 2583 463 2642 Bonnam
481 2584 570 2642 misit.
611 2584 816 2658 Descripserat
834 2583 893 2641 iam
913 2585 1057 2658 quantum
1074 2584 1194 2658 poterat

253 2862 278 2929 1)
297 2859 329 2912 ld
348 2859 423 2927 quod
446 2859 512 2913 inde
536 2858 693 2914 aGesnero
719 2857 816 2928 (praef.
838 2861 912 2928 511)
937 2874 988 2927 per
1013 2874 1108 2911 omnes
1133 2857 1191 2912 fero

182 2930 267 2984 libros
286 2930 480 3000 pervulgatnr‚
503 2931 669 2999 inscriptum
694 2946 754 2984 esse
774 2930 877 2983 librum
897 2929 975 2983 Gorb.
995 2930 1050 3000 dig.
1069 2932 1139 2984 artis
1156 2947 1191 2982 ra.

181 3003 245 3056 libri
263 3002 319 3056 ΙΙΙ
334 3001 380 3072 [cf.
398 3001 550 3056 Schneider
562 3020 590 3070 p.
606 3007 629 3055 5.
658 3000 773 3066 Teuffel,
795 3001 860 3054 hist.
877 2999 932 3054 litt.
947 3001 1026 3054 Rom.
1043 3006 1133 3066 1431,
1149 3007 1190 3054 11.

179 3073 254 3139 Ihm,
272 3072 440 3142 Pelagonius
458 3091 486 3141 p.
502 3079 544 3140 19,
559 3073 587 3144 2]
606 3089 662 3126 non
684 3071 789 3142 legitur
812 3073 842 3124 in
865 3071 971 3126 codice:
995 3071 1107 3126 videtur
1125 3087 1191 3125 sone

181 3144 277 3198 deesse
294 3144 397 3198 notitia
415 3142 549 3197 librorum
567 3144 683 3198 numeri.

252 3217 279 3284 2)
297 3214 379 3269 Falso
399 3213 514 3282 Teuffel,
533 3215 597 3269 hist.
615 3214 669 3268 litt.
689 3215 767 3268 Rom.
785 3220 799 3280 ς
815 3219 875 3279 432,
891 3220 933 3279 11,
953 3215 1047 3267 extare
1071 3213 1191 3266 alterum

181 3286 222 3340 ait
240 3286 313 3340 teste
332 3284 499 3340 Schneidero
518 3304 545 3355 p.
562 3292 593 3352 33
610 3289 640 3340 at
658 3285 682 3338 is
701 3286 817 3339 rectius:
836 3287 972 3354 suspicari
987 3286 1075 3338 licebit
1092 3301 1125 3338 cx
1142 3285 1192 3338 boc

180 3359 337 3427 apographo
356 3359 387 3424 (e'.
403 3357 450 3425 L.)
470 3359 579 3412 ductam
597 3374 650 3412 csse
668 3359 824 3412 certantem
845 3357 1005 3410 Gadicccm
1024 3353 1167 3423 (Gesneri).

252 3431 277 3496 3)
296 3427 373 3480 Idem
392 3428 479 3482 codex
498 3429 622 3482 continet
641 3445 705 3481 cum
723 3427 779 3480 alia
800 3430 860 3480 mm
878 3427 1037 3497 fragmenta
1054 3426 1192 3493 rescripta

180 3497 221 3551 Fl.
236 3497 415 3552 Merobaudis
430 3515 447 3552 a
460 3499 615 3553 Niebuhrio
629 3499 774 3568 recognita
793 3500 821 3551 11
835 3497 912 3552 edita
931 3514 955 3552 a.
972 3502 1039 3550 1823
1055 3500 1083 3551 et
1102 3499 1190 3550 sortes

181 3585 250 3638 quas
269 3569 359 3624 edidit
377 3569 411 3622 H.
426 3569 595 3638 Winnofeld‚
614 3570 728 3623 Bonnae
747 3586 771 3622 1.
788 3574 864 3622 1887.
926 3622 929 3627 ,
