2668 3920
195 219 238 284 48
635 219 770 276 VEGETI

196 388 230 446 si
243 390 344 447 tamen
358 389 395 448 ab
415 389 580 449 admissura
599 391 787 462 cessaverint,
805 391 865 448 nisi
884 391 968 449 annis
987 389 1123 449 omnibus
1142 391 1209 450 her·

195 478 301 536 barum
319 481 452 553 tempore
472 478 655 554 deplorantur,
678 478 815 537 incidunt
832 479 865 536 in
884 480 1067 552 caecitatem,
1086 481 1159 554 quia
1177 479 1210 538 id

196 566 277 642 quod
297 587 351 644 per
374 568 485 626 coitum
504 587 621 646 egerere
642 570 864 641 consueverant,
886 568 1035 627 redundat
1050 567 1083 626 in
1106 568 1208 630 oeulis.

197 773 309 840 XXV.
334 774 377 839 Icc
394 775 505 858 quibus
522 776 724 858 passionibus
746 781 775 840 et
792 796 829 840 ec
850 775 961 858 quobus
984 775 1057 841 locis
1078 776 1209 860 sanquis

567 879 612 938 est
633 871 827 956 auferendus.
1238 899 1252 938 e

260 1003 360 1076 Nunc,
382 1021 419 1060 ne
444 1002 516 1078 quid
538 1004 725 1078 relinquatur
747 1003 933 1081 ambiguum,
956 1005 989 1062 in
1012 1003 1117 1079 quibus
1140 1022 1208 1079 pas·

194 1090 326 1150 sionibus
349 1093 380 1150 et
403 1111 438 1150 ex
462 1092 568 1167 quibus
591 1092 664 1152 locis
688 1094 809 1170 sanguis
832 1093 931 1150 emitti
954 1091 1072 1167 debeat,
1095 1093 1207 1158 indica·

193 1179 299 1240 bimus.
340 1181 484 1240 Morbidis
508 1183 539 1240 et
561 1180 784 1257 quibuscunque
807 1183 905 1240 totum
935 1200 1040 1257 eorpus
1063 1183 1096 1240 ‘m
1119 1200 1208 1242 causa
1265 1202 1266 1205 ¹

194 1271 239 1328 est
262 1271 338 1328 siout
360 1269 554 1329 febrientibus
578 1270 614 1328 de
636 1271 760 1328 matrice
788 1270 986 1329 detrahendus
1008 1273 1055 1330 est
1077 1273 1206 1347 sanguis.

159 1356 415 1436 20ephalargicis
447 1361 559 1433 autem,
594 1360 717 1434 apiosis,
740 1360 866 1433 insanis,
894 1360 1050 1434 cardiacis,
1080 1360 1207 1434 caducis,
1222 1381 1249 1420 10

193 1447 356 1521 beneficis,
386 1447 538 1522 distentis,
567 1447 746 1523 sideraticis‚
775 1447 901 1508 rabiosis
933 1445 1065 1524 [quoquo
1094 1443 1207 1526 modo],

192 1537 376 1613 praecipitur
398 1535 434 1594 de
457 1539 541 1596 venis
566 1537 768 1595 auricularum
790 1539 965 1614 sanguinem
988 1537 1112 1596 demere.
1142 1537 1206 1599 ¹Ve-

191 1627 359 1684 rumtamen
382 1626 488 1684 melius
515 1627 572 1699 est,
599 1628 634 1685 ut
661 1625 697 1684 da
720 1627 916 1702 temporibuS,
946 1645 1022 1701 quae
1046 1626 1149 1685 dextra
1173 1645 1206 1685 ao

192 1715 315 1796 sinistra
337 1717 421 1788 sunt,
451 1713 638 1772 detrahatur:
665 1714 697 1772 id
721 1716 765 1773 est
792 1714 846 1774 sub
874 1717 1016 1774 cavatura
1038 1718 1207 1792 temporum

191 1802 286 1862 tribus
313 1802 417 1880 digitis
445 1801 482 1861 ab
506 1803 591 1862 oculo
613 1802 811 1879 interpositis,
838 1805 963 1862 inferius
989 1823 1065 1863 rena
1088 1805 1206 1880 perqui-
1220 1825 1247 1865 rs

156 1889 269 1949 31itur
299 1894 386 1950 etex
415 1894 543 1967 utraque
575 1894 660 1968 parte
690 1893 812 1969 sanguis
842 1894 1000 1952 emittitur.
1044 1893 1097 1952 Eis
1126 1911 1206 1969 vere,

88 2052 92 2058 ,
191 1979 299 2056 quibus
322 1979 443 2040 suffiisio
475 1982 602 2059 contigit
631 1981 784 2040 oculorum
813 1981 861 2041 vel
891 1984 989 2041 cetera
1010 1983 1099 2056 vitia,
1129 2001 1206 2058 quae

191 2069 284 2128 oculis
312 2071 442 2144 nocent,.
461 2071 616 2130 inferiores
646 2089 738 2129 venae
761 2071 815 2130 sub
845 2071 939 2130 oculis
968 2073 1099 2146 positae,
1129 2089 1206 2146 quae

192 2158 373 2218 descendunt
405 2159 458 2218 sub
496 2159 613 2238 angulis
650 2159 802 2218 oculorum
835 2160 1039 2234 misrioribus,
1076 2162 1205 2238 quatuor

262 2334 277 2382 6
297 2327 370 2382 Ghir.
386 2345 408 2382 c.
426 2334 465 2382 16.
484 2334 524 2384 17.

191 2431 404 2440 .—-—

195 2497 198 2502 '
263 2497 321 2551 lsi
340 2499 435 2550 autem
454 2497 480 2550 L
499 2497 523 2550 si
541 2499 637 2551 tamen
659 2497 742 2552 etium
766 2497 837 2552 Obir.
873 2499 876 2566 1
911 2497 1124 2552 admissario-P
1140 2513 1204 2550 -ura

189 2570 222 2622 iu
239 2585 294 2622 roe.
311 2568 359 2622 Μ’
386 2570 395 2636 11
422 2568 488 2620 uin
506 2584 555 2620 om.
571 2567 668 2623 LAF
690 2570 699 2637 11
722 2575 738 2621 3
758 2569 834 2622 coitu
852 2569 880 2622 A
893 2569 933 2623 ed.
944 2585 990 2638 pr.
1017 2572 1020 2638 1
1046 2583 1158 2639 egerere
1177 2569 1203 2620 L

190 2638 318 2708 digerere
331 2639 403 2720 cuiq.
421 2639 425 2710 1
442 2637 565 2691 declinat
582 2639 612 2692 in
631 2639 726 2692 oculos
744 2640 784 2694 ed.
798 2643 842 2709 br.
859 2639 1002 2693 declinant
1019 2640 1050 2692 in
1073 2638 1160 2693 oeulis
1175 2641 1203 2694 A

188 2709 247 2764 red.
266 2710 297 2762 in
315 2709 403 2763 oculis
422 2709 483 2763 FP
499 2711 534 2778 (o.
549 2711 654 2779 eorum)
675 2711 747 2765 Chic.
762 2711 858 2764 oculos
877 2711 903 2762 L

261 2786 331 2834 lex
345 2797 395 2836 osu.
411 2781 437 2833 L
450 2782 459 2849 11
474 2785 489 2833 9
504 2779 573 2834 febr.
588 2781 662 2834 unde
676 2781 750 2835 infra
764 2781 915 2836 meandum
928 2783 968 2836 cd.
978 2799 1023 2851 pr.
1039 2783 1067 2836 A
1083 2786 1087 2850 1
1102 2780 1204 2836 bollen-

191 2853 242 2906 dus
256 2855 285 2907 P
308 2854 317 2921 11
346 2857 379 2904 10
398 2854 448 2905 ant
466 2853 497 2906 F
523 2854 527 2919 1
557 2852 661 2921 opiosis
675 2855 703 2907 P
722 2855 732 2923 11
755 2859 786 2906 11
803 2852 933 2906 distentis
948 2852 974 2905 L
993 2851 1161 2906 distenticiis
1176 2851 1208 2906 F

189 2923 373 2994 (distentiosis
398 2922 482 2992 Clau.)
508 2921 674 2978 bistentitiia
693 2925 721 2978 A
744 2923 903 2978 diseutriois
926 2926 954 2979 P
975 2923 1138 2978 bistrutitiis
1161 2923 1201 2977 cd.

184 3012 230 3064 pr.
254 2997 259 3066 1
280 2994 437 3048 sideraticis
455 2995 483 3047 L
500 2993 588 3048 -ticiis
606 2996 637 3049 F
650 2995 722 3050 ouo.
742 2995 896 3049 sicardiciis
916 2996 954 3049 ed.
966 3011 1011 3064 pr.
1026 2996 1054 3049 A
1072 2993 1202 3049 sideratis

190 3067 218 3121 P
231 3067 235 3135 1
250 3065 369 3120 rabiosis
388 3064 481 3119 AFP
493 3066 532 3119 ed.
544 3073 588 3134 pr.
606 3067 678 3122 cha.
697 3066 836 3120 babaticis
855 3067 883 3120 L
906 3069 912 3135 1
936 3066 1132 3136 quoquomodo
1151 3082 1201 3120 orn.

190 3173 283 3226 LFP
296 3171 367 3226 eber.
382 3172 392 3240 11
407 3177 439 3224 12
459 3171 494 3225 de
507 3187 579 3226 vena
593 3155 775 3238 aurticularum
789 3173 820 3228 F
830 3172 865 3226 de
884 3171 1017 3228 auriculis
1035 3174 1063 3227 A
1077 3172 1116 3227 ed.
1128 3189 1173 3242 pr.

189 3244 381 3296 verumtamen
390 3243 430 3297 ed.
437 3260 481 3310 pr.
492 3244 520 3297 A
531 3241 603 3298 Obir.
614 3246 633 3297 b.
646 3260 696 3298 cm.
708 3244 800 3298 LFP
811 3245 820 3314 11
835 3249 868 3298 13
882 3246 915 3297 ut
924 3260 974 3298 cm.
985 3245 1025 3298 ed.
1032 3261 1076 3313 pr.
1091 3243 1186 3299 AFP

188 3313 225 3366 de
238 3330 289 3368 om.
304 3315 331 3367 L
347 3314 351 3385 1
368 3313 393 3368 d.
405 3329 438 3367 ao
448 3331 469 3367 s.
485 3332 505 3366 s.
517 3315 610 3369 LPF
621 3315 651 3368 in
665 3315 691 3367 d.
704 3330 737 3369 ac
752 3332 772 3368 s.
783 3333 804 3368 s.
820 3317 900 3384 parte
914 3317 942 3370 A
956 3315 996 3369 ed.
1007 3331 1053 3384 pr.
1067 3317 1077 3385 11
1092 3320 1124 3368 15
1138 3330 1201 3384 per-

190 3384 316 3451 quiretur
331 3427 336 3438 .
353 3427 358 3440 .
375 3385 519 3439 emittetur
537 3387 563 3440 L
576 3388 586 3468 11
601 3392 633 3440 16
651 3387 733 3454 parte
752 3401 802 3440 ocu.
817 3387 911 3441 AFP
923 3387 962 3441 ed.
974 3403 1018 3455 pr.
1033 3388 1043 3456 11
1062 3390 1094 3439 1'1
1115 3384 1200 3439 suffu-

190 3455 230 3509 sio
250 3456 376 3510 confnsio
394 3458 442 3526 ΑΙ
459 3456 598 3527 contingit
615 3457 655 3512 ed.
667 3473 711 3526 pr.
727 3457 791 3511 AF
808 3460 865 3527 1118
884 3460 986 3511 nocent
1003 3474 1091 3511 mm.
1110 3457 1201 3524 deficit

189 3528 216 3582 L
233 3529 369 3597 usquead
387 3529 425 3582 II
434 3531 472 3583 23
487 3530 491 3597 1
507 3527 551 3580 vel
570 3527 648 3581 aliud
661 3527 763 3582 vitium
777 3529 852 3596 quod
865 3545 890 3583 o.
905 3531 1006 3582 noceat
1019 3529 1051 3582 iu
1064 3544 1118 3584 rae.
1133 3527 1182 3583 M*
1194 3527 1197 3599 1

187 3615 273 3652 venas
288 3643 294 3652 .
312 3641 316 3652 .
332 3598 439 3668 positas
458 3599 527 3653 PM
537 3614 605 3654 corr.
622 3597 670 3653 Μ’
683 3600 692 3668 11
707 3603 740 3652 19
760 3600 795 3653 ab
815 3615 878 3669 ang.
894 3600 925 3654 F
938 3600 1009 3656 Obir.
1087 3653 1088 3656 ,
