2682 3920
195 208 239 272 60
634 209 769 290 vacam

194 377 260 436 loco
291 376 383 436 stabit
412 376 507 436 calido
542 379 623 437 horis
655 380 749 438 tribus
783 381 837 438 aut
868 382 999 456 quatuor
1028 382 1209 456 coopertum,

195 468 300 541 postea
323 465 361 525 ad
385 466 598 526 ambulandum
620 467 798 544 producetur
816 468 1009 528 nihilominus
1032 470 1208 529 involutum.

252 671 360 737 XXX
367 673 421 739 VI.
446 673 483 739 Si
505 695 542 738 ca
564 674 687 740 1111111
709 677 773 741 oris
796 682 853 741 uait
871 677 1014 759 foueam
1034 675 1156 760 fedrici,

264 801 296 861 Si
321 804 438 879 quando
458 823 492 862 ex
511 804 632 864 vulnere
651 805 754 882 aliquo
772 806 820 865 uel
841 807 1054 884 suppuratione
1073 807 1132 866 oris
1156 810 1210 866 aut

196 892 327 951 faucium
349 893 483 952 nascitur
505 893 609 968 febris,
636 893 672 952 de
695 894 877 971 temporibus
900 913 1035 956 necnon
1058 897 1149 956 etiam
1172 895 1207 954 de
1238 916 1251 956 s

195 981 298 1056 palato
322 981 520 1042 detrahendus
544 989 589 1042 est
607 983 736 1060 sanguis.
782 981 827 1042 De
850 983 980 1044 maxillis
1004 1003 1123 1060 quoque
1147 984 1208 1044 sive

196 1070 232 1128 de
262 1070 373 1129 ceruice
409 1074 440 1129 et
474 1071 512 1129 ad
541 1074 725 1148 postremum
761 1074 927 1148 quicunque
957 1074 1040 1134 locus
1069 1073 1209 1132 febrienti

196 1157 333 1234 doluerit
353 1177 388 1216 sn
402 1159 505 1219 eodem
522 1179 589 1219 cum
607 1179 745 1234 mensura
764 1163 938 1240 sanguinem
958 1165 1075 1238 oportet
1089 1163 1207 1221 auferri.

94 1305 96 1309 ,
196 1245 281 1316 Quod
304 1247 330 1304 si
353 1247 451 1307 cibum
478 1251 597 1325 penitus
624 1252 784 1327 respuerit,
811 1251 940 1311 farinam
968 1270 1062 1327 aquae
1084 1251 1209 1309 mixtam

196 1336 235 1394 ad
258 1336 351 1412 amyli
373 1336 469 1396 instar
494 1337 631 1398 faucibus
655 1341 717 1398 eius
740 1340 885 1398 infundes.
927 1335 1008 1398 Offas
1032 1357 1150 1416 quoque
1173 1339 1208 1397 de
1225 1361 1253 1398 ro

196 1442 284 1501 passo
315 1427 406 1486 facies
437 1428 534 1486 iustae
565 1428 781 1505 magnitudinis
814 1432 844 1488 et
875 1432 1013 1506 septenas
1045 1447 1112 1488 cum
1143 1429 1208 1487 olco

196 1513 325 1592 digeras
354 1518 390 1574 ut
419 1516 513 1592 possit
541 1516 650 1575 habere
681 1517 887 1578 substantiam.
933 1517 981 1576 Ita
1011 1517 1137 1594 deniquo
1166 1518 1209 1574 fe-

195 1604 306 1662 brienti
328 1603 413 1663 utilis
437 1608 496 1678 est,
522 1623 558 1662 ex
582 1624 756 1682 quacunque
779 1610 864 1682 parte
887 1605 1032 1666 detractio
1055 1606 1209 1684 sanguinis

195 1692 258 1766 fiat,
276 1692 302 1750 si
321 1692 513 1752 consideratis
531 1694 645 1752 viribus
664 1694 801 1754 animalis
819 1713 958 1755 mensura
976 1699 1121 1770 seruatur,
1139 1713 1209 1754 nam
1228 1751 1230 1756 .

196 1784 231 1838 ut
254 1780 377 1840 emissus
399 1782 620 1841 rationabiliter
637 1783 744 1843 humor
761 1784 883 1861 relevat,
908 1787 953 1844 ita
976 1787 1135 1844 enormiter
1158 1783 1208 1844 ab·
1225 1804 1252 1844 rs

196 1869 276 1929 latus
300 1870 396 1930 evirat
419 1871 466 1930 vel
489 1870 600 1930 turbat.

267 2077 375 2144 XXX
381 2078 456 2144 VII.
479 2077 529 2144 Dc
552 2081 704 2144 coactione
725 2082 746 2145 i.
770 2082 808 2144 dc
828 2081 931 2145 nimia
954 2081 1144 2146 lassitudine.

265 2207 385 2269 Coactio
414 2209 446 2267 in
476 2207 653 2270 animalibus
683 2211 829 2286 passionis
860 2211 905 2271 est
933 2229 1053 2287 nomen,
1084 2229 1118 2268 ex
1149 2229 1210 2285 qua

197 2297 417 2376 aegritudinum
435 2298 553 2357 diuersa
575 2318 684 2376 genera
702 2303 872 2375 nascuntur,
894 2299 960 2357 ideo
984 2299 1025 2357 sic
1049 2297 1210 2375 appellata,

196 2419 386 2426 *-.--
403 2421 409 2425 .

269 2490 284 2538 9
305 2485 338 2539 cf.
355 2484 428 2538 chir.
444 2502 466 2538 c.
484 2491 541 2538 145.
616 2492 649 2539 18
668 2485 740 2540 Cbir.
757 2504 779 2540 c.
797 2492 930 2553 148,149.

269 2669 283 2716 1
304 2665 450 2732 coopertus
470 2665 497 2716 P
509 2665 547 2731 112
566 2665 631 2732 post
650 2665 696 2732 Ρ1
713 2661 824 2717 ducitur
842 2665 870 2718 A
888 2663 1052 2732 producitur
1070 2661 1115 2733 Ρ1
1131 2661 1209 2716 invo-

196 2735 273 2788 lutus
293 2736 320 2787 P
634 2733 636 2737 ’

269 2811 285 2858 1
305 2805 410 2870 Quodsi
430 2821 463 2857 ex
477 2803 672 2874 Ρ11111.111
691 2805 787 2874 aliqua
802 2823 822 2858 s.
837 2806 917 2874 AF}
934 2807 984 2858 aut
1003 2823 1023 2859 s.
1044 2805 1103 2859 eius
1122 2821 1146 2859 o.
1161 2805 1207 2876 Ρ1

198 2877 259 2948 aut]
279 2876 322 2931 vel
340 2876 405 2931 AF
424 2877 433 2944 11
455 2881 470 2928 ὁ
489 2878 622 2930 nascatur
640 2878 668 2931 P
725 2877 760 2931 da
778 2877 875 2945 palato
894 2893 945 2930 nec
963 2893 990 2929 n.
1006 2893 1028 2930 e.
1049 2877 1084 2929 do
1102 2877 1210 2944 tempo-

196 2948 273 3002 ribus
293 2947 354 3003 FP
364 2949 403 3017 111
423 2947 458 3000 de
477 2963 527 3001 oen.
543 2949 571 3001 P
586 2951 595 3017 11
614 2953 629 3000 8
649 2948 684 3001 do
698 2948 757 3002 ebit
775 2950 820 3017 ΡΙ
837 2964 870 3002 ex
889 2947 987 3002 eodem
1005 2945 1148 3001 fricandns
1168 2948 1212 3000 est

198 3022 227 3074 st
245 3019 321 3073 omni
335 3037 371 3072 m.
387 3035 407 3073 s.
424 3035 447 3071 ο.
463 3033 487 3072 a.
503 3019 533 3072 F
544 3020 643 3072 eodem
657 3019 744 3084 (idem
764 3021 800 3089 V)
814 3019 847 3072 fr.
863 3021 907 3072 est
924 3021 954 3073 et
970 3021 1081 3088 oportet
1095 3035 1158 3072 cum
1171 3036 1208 3071 m.

198 3107 218 3144 s.
235 3089 344 3144 auferre
358 3090 436 3157 PVl
453 3089 529 3143 omni
547 3107 583 3142 m.
598 3091 626 3144 A
639 3093 678 3159 119
698 3089 716 3144 f.
733 3107 796 3144 cum
815 3090 972 3144 amintam
990 3092 1018 3146 P
1037 3092 1046 3159 11
1071 3095 1103 3143 10
1123 3089 1210 3156 amyli

197 3163 295 3230 scripsi
309 3177 341 3215 aa
355 3162 391 3214 11
404 3165 429 3227 7,
444 3165 474 3215 3:
489 3161 545 3215 cibi
559 3163 630 3231 culp.
646 3161 736 3215 olivae
752 3161 832 3216 Geso.
848 3162 883 3214 ad
900 3161 959 3214 diui
977 3161 1143 3215 instantiam
1157 3161 1186 3214 P
1204 3161 1207 3232 1

197 3231 322 3287 infundis
341 3233 369 3286 A
385 3235 389 3300 1
406 3230 506 3286 offeras
524 3233 585 3286 AP
596 3235 605 3301 11
621 3239 652 3285 11
672 3233 752 3286 iuxta
769 3234 836 3286 m-is
855 3234 882 3286 A
903 3236 906 3301 1
930 3235 959 3286 et
976 3233 1104 3301 ptisanas
1123 3231 1183 3286 FA

199 3311 231 3358 12
246 3303 288 3357 ita
307 3303 332 3357 d.
348 3305 388 3358 ed.
399 3321 443 3372 pr.
464 3303 576 3357 demum
594 3305 623 3358 P
638 3319 672 3357 ac
691 3304 802 3357 demum
816 3306 844 3358 A
863 3307 893 3357 at
912 3306 954 3372 (ea
973 3305 1020 3372 ad)
1034 3302 1146 3356 demum
1160 3302 1190 3356 F

199 3382 231 3430 14
250 3375 479 3444 111111Ρ115
498 3375 607 3428 ratione
626 3378 653 3428 A
672 3377 775 3444 (marco
794 3375 829 3429 al.
844 3374 1061 3443 rationabiliter)
1084 3377 1088 3442 1
1111 3374 1212 3428 humor

198 3463 247 3502 osa.
263 3448 302 3501 ed.
314 3463 358 3516 pr.
385 3447 388 3512 Ι
414 3446 456 3499 111
474 3446 504 3498 in
523 3462 545 3499 e.
561 3449 588 3499 A
607 3444 649 3498 ita
666 3447 699 3499 ut
718 3461 740 3499 e.
756 3447 785 3500 P
804 3449 813 3515 11
837 3452 870 3500 11
890 3447 969 3499 curat
986 3445 1031 3499 vel
1049 3449 1069 3499 t.
1089 3447 1117 3499 A
1135 3447 1213 3499 errat

199 3517 230 3572 F
245 3517 349 3572 occidit
367 3518 395 3572 P

270 3595 303 3642 17
323 3589 358 3643 de
377 3604 399 3641 c.
414 3587 444 3640 iu
463 3587 634 3654 1.1.Ρ1119
654 3602 678 3639 a.
695 3589 737 3640 est
755 3587 820 3640 AF
