2952 3922
605 1153 840 1232 Corrigenda:

285 1289 313 1341 p.
328 1270 419 1324 XVIH
436 1271 512 1341 loge:
534 1276 558 1337 1,
573 1275 616 1338 56,
632 1275 667 1325 66
685 1272 812 1326 imiwtwr
830 1273 858 1326 et
877 1277 901 1337 2,
918 1277 960 1340 13,
975 1269 993 1326 Β
1012 1288 1062 1341 pro
1082 1278 1107 1340 2,
1124 1279 1164 1339 13,
1182 1279 1205 1328 1.

286 1377 314 1429 p.
329 1359 393 1413 XXI
410 1359 428 1414 l.
445 1365 469 1428 1,
486 1365 510 1427 1,
525 1365 541 1412 2
560 1376 610 1429 pro
631 1365 654 1426 1,
671 1365 713 1413 12.

286 1467 314 1519 p.
328 1446 445 1502 XXVIII
463 1448 526 1502 adn.
542 1454 557 1501 2
576 1451 627 1504 sub
646 1447 750 1503 Chiron
768 1450 824 1504 dele
842 1449 854 1501 1
873 1454 916 1504 37.

286 1556 314 1607 p.
329 1537 432 1591 XXXII
450 1538 498 1592 lin.
515 1544 530 1592 6
550 1537 568 1592 I.
585 1544 609 1605 2,
624 1537 670 1604 49,
686 1543 701 1590 6
720 1554 771 1606 pro
791 1543 816 1604 2,
830 1544 873 1603 47,
889 1544 913 1592 3.

285 1645 312 1696 p.
327 1627 469 1682 XXXVIII
488 1633 512 1696 1,
527 1632 569 1695 38,
584 1634 600 1681 6
620 1629 696 1682 intus
714 1627 831 1682 abibunt
848 1643 899 1696 pro
918 1628 937 1680 i.
951 1627 1066 1683 habebit.

286 1735 313 1786 p.
328 1716 390 1770 XLI
408 1722 521 1786 1,19,3
541 1717 636 1772 alcum
654 1732 705 1786 pro
724 1716 819 1771 oleum.

285 1824 313 1875 p.
329 1810 420 1874 8,136
439 1807 527 1873 faeno
545 1822 596 1876 pro
614 1806 702 1872 foeno.

285 1913 312 1963 p.
329 1899 380 1948 163
398 1895 504 1965 pagina
517 1895 575 1948 iam
588 1911 674 1948 manu
689 1893 775 1948 missa
788 1893 882 1948 nescio
902 1911 956 1963 quo
971 1894 1054 1948 modo
1073 1895 1232 1964 perturbati

212 1985 281 2036 sunt
298 2000 323 2036 v.
339 1989 457 2049 16—183
475 1982 554 2053 legas
573 1981 673 2053 igibur:

182 2098 184 2102 ·
286 2076 320 2123 16
339 2071 478 2126 nimietate
496 2088 600 2139 curm,

286 2164 319 2212 17
338 2161 528 2214 commeant
541 2162 707 2229 passionem,

287 2251 320 2320 1,ss
339 2251 490 2304 attenuans
507 2265 611 2304 venam.

286 2371 392 2442 Scripsi
410 2373 540 2443 Friburgi
559 2372 649 2443 Brisg.
664 2389 759 2428 mense
778 2373 927 2429 Decembri
945 2373 1085 2429 Momm.

1075 2499 1109 2555 Ε.
1125 2499 1158 2556 L.
