2668 3920
190 226 233 292 52
567 235 571 246 ¹
629 223 764 280 ruenni

191 414 252 470 qua
269 393 442 469 ponderosa,
466 411 619 469 quousque
637 411 668 452 se
687 412 763 454 vena
781 391 970 467 demonstret
994 394 1025 452 et
1042 394 1075 451 in
1093 391 1206 452 caudae

190 482 289 542 media
318 482 451 542 divisura
473 484 602 558 quatuor
628 481 731 560 digitis
762 482 799 540 ab
829 500 887 541 ano
916 483 1028 559 sagitta
1057 482 1206 556 percuties

190 590 310 645 venam,
340 573 375 630 ut
406 573 552 631 acontinet
581 573 716 648 sanguim
751 573 820 646 post
849 570 1051 630 decursionem
1081 569 1207 630 fasciolo

159 659 358 739 3oolligabis.
405 658 480 719 (lum
515 662 614 720 autem
644 658 679 717 de
709 659 871 718 visceribus
904 661 1038 718 emittere
1067 660 1206 733 volneris,

192 749 247 809 sub
277 749 450 827 inguinibus
480 748 583 808 dextra
613 750 642 807 et
675 749 797 808 sinistra
825 750 858 807 in
887 749 1012 825 singtilis
1043 747 1206 807 femoribus
1237 766 1250 806 s

192 840 354 898 eminentes
373 855 463 897 venas
481 837 593 898 medias
607 839 720 915 sagitte
732 839 889 913 percuties,
908 837 959 896 scd
975 840 1069 910 caute,
1083 839 1207 912 propter

190 929 322 986 vicinam
344 928 506 985 mixturam
532 945 703 1000 nervorum3
732 928 801 1002 post
826 926 1029 986 decursionem
1051 927 1205 1004 sangrunis

158 1018 304 1075 Aeretem
339 1016 480 1091 impones.
523 1015 556 1073 Si
580 1015 680 1074 lancae
711 1017 743 1072 in
775 1015 890 1093 gambis
923 1016 1035 1074 fuerint
1067 1016 1119 1073 aut
1151 1014 1205 1074 ali-

193 1106 259 1180 quis
292 1104 377 1164 dolor
412 1122 501 1163 coxae
533 1104 581 1164 vel
613 1103 750 1182 gambae‚
787 1106 909 1182 sanguis
946 1104 1120 1163 detrahatur
1151 1101 1205 1163 sub

193 1193 321 1272 gambis:
352 1194 422 1252 sunt
453 1193 532 1251 enim
561 1212 654 1252 venae
682 1211 700 1251 a
724 1193 886 1252 visceribus
916 1193 1124 1253 descendentes
1153 1210 1207 1268 per
1222 1211 1249 1250 ιο

193 1281 316 1360 gambas
338 1281 476 1357 interius,
506 1300 580 1358 quas
607 1282 719 1340 medias
749 1283 871 1357 propter
893 1281 1022 1341 vicinam
1044 1283 1207 1340 mixturam

192 1389 351 1430 nervorum
381 1373 467 1430 eante
494 1373 662 1430 transverse
691 1369 849 1430 flebotomo
882 1372 1044 1448 percuties,
1078 1371 1110 1428 et
1137 1371 1207 1446 post

193 1460 395 1520 decursionem
418 1460 543 1519 fasciola
565 1459 682 1538 ligabis.

325 1665 499 1732 XXVIII.
520 1666 572 1731 De
593 1668 714 1732 ratione
734 1667 797 1748 foci
819 1671 909 1748 atque
931 1667 1068 1732 molesti.

261 1795 296 1854 In
329 1796 504 1856 animalium
536 1799 613 1855 cunis
646 1815 681 1856 ee
717 1795 871 1856 medicinis
905 1795 1013 1871 duplex
1044 1795 1206 1856 remedium
1222 1813 1247 1854 15

195 1886 330 1944 auctores
355 1903 417 1946 esse
440 1885 612 1959 voluerunt,
637 1885 834 1944 minutionem
861 1886 1014 1963 sanguinis
1041 1904 1207 1961 perquam

196 1974 526 2048 constitnuantur,
549 1976 580 2032 et
602 1976 750 2034 ustionem
773 1973 898 2034 cauterii
920 1992 1083 2050 perquem
1106 1975 1207 2034 laxata

194 2062 360 2124 firmantur,
406 2061 465 2122 Sed
497 2081 566 2122 cum
594 2062 747 2122 flebotomi
776 2063 854 2124 ratio
889 2062 1042 2122 evidenter
1070 2063 1208 2122 videatur

196 2154 339 2227 exposite„
363 2153 488 2212 cauterii
511 2170 637 2228 quoque,
660 2153 731 2212 licet
753 2152 915 2212 norissima
938 2170 1008 2210 cura
1031 2153 1084 2226 sit,
1106 2154 1207 2210 tamen

163 2241 357 2316 2aperienda
379 2241 498 2299 videtur
520 2242 645 2300 utilitas.
690 2240 769 2298 Nam
791 2242 870 2298 ustio
897 2242 998 2299 laxata
1022 2242 1206 2319 constringit,
1221 2259 1247 2298 so

197 2330 301 2388 inflate
338 2330 488 2404 attenuat,
524 2331 696 2390 humectata
732 2329 874 2403 desiccat,
914 2329 1073 2407 coagulata
1108 2330 1206 2406 solvit,

268 2557 284 2605 8
304 2550 377 2605 Ohir.
392 2569 414 2605 c.
431 2557 472 2606 26.
547 2557 579 2606 lt
598 2550 672 2606 ehu.
687 2567 710 2604 e.
727 2555 769 2604 at.
843 2555 877 2604 20
896 2549 969 2605 Chir.
985 2568 1007 2605 c.
1023 2555 1064 2604 88.

270 2752 284 2800 1
304 2748 334 2800 et
350 2763 401 2802 om.
418 2746 478 2800 FP
508 2747 513 2817 t
546 2746 576 2798 in
595 2746 702 2801 caudae
723 2745 930 2800 dimidietatem
949 2745 1003 2799 div.
1019 2747 1047 2800 A
1065 2745 1095 2799 in
1118 2746 1208 2800 caude

197 2817 291 2872 media
310 2817 364 2870 div.
379 2817 441 2871 FP
459 2820 469 2887 ΙΙ
492 2823 508 2870 3
527 2818 689 2886 egrediatur
706 2819 735 2872 P
755 2815 932 2888 {fasciolam
950 2816 978 2870 A
1000 2819 1009 2886 l
1032 2816 1137 2870 ivelie
1156 2818 1184 2871 P
1198 2817 1208 2886 ll

198 2887 374 2960 bnnguibus
393 2889 421 2943 A
439 2905 489 2942 om.
504 2889 544 2942 ed.
556 2905 599 2956 pr.
631 2893 635 2958 Ι
664 2889 691 2941 d.
706 2890 736 2942 et
754 2905 774 2944 s.
790 2888 856 2942 Pd.
871 2905 892 2942 s.
908 2887 980 2942 Obir.
1000 2887 1036 2941 de
1054 2887 1080 2941 d.
1096 2887 1131 2942 de
1145 2905 1166 2942 s.
1181 2887 1211 2942 F

198 2961 234 3044 de
252 2961 279 3014 d.
294 2976 358 3014 ave
376 2960 416 3015 cd.
428 2977 471 3028 pr.
487 2960 515 3013 A
533 2975 587 3027 que
604 2960 684 3016 Sclm.
711 2962 721 3028 tt
745 2965 760 3013 t
779 2959 860 3042 cerba
878 2958 928 3012 sed
943 2999 949 3012 .
964 3001 970 3040 :
986 2975 1133 3013 nervorum
1146 2966 1209 3028 post

197 3031 656 3172 titttttttatlett
672 3030 1208 3170 dttffttlttttdtlltl
1317 3069 1318 3074 '

200 3175 272 3230 acc.
296 3176 306 3243 11
334 3179 366 3226 12
386 3172 534 3227 candaeP
560 3175 565 3241 Ι
594 3175 750 3228 manerem
768 3171 881 3227 PObs'r.
901 3188 930 3226 -o
948 3173 988 3229 cd.
998 3189 1043 3241 pr.
1058 3189 1103 3225 -ue
1122 3172 1185 3226 AF
1199 3172 1208 3243 lt

200 3249 234 3299 13
251 3243 399 3298 fasciolam
417 3245 445 3298 A
463 3243 611 3314 colligabis
631 3247 669 3299 M
676 3246 703 3299 V

272 3320 304 3368 15
324 3315 397 3369 curie
412 3332 445 3370 ac
459 3332 509 3370 om.
526 3315 553 3370 θ
566 3317 649 3385 (curis
662 3333 697 3368 m.
713 3316 750 3384 A)
766 3315 826 3369 FP
836 3317 846 3384 ΙΙ
862 3321 894 3368 16
909 3330 931 3368 e.
947 3313 998 3369 vol.
1017 3315 1144 3367 auctores
1159 3312 1205 3383 Al

199 3385 271 3438 nihil
294 3387 449 3441 minutione
469 3430 474 3441 .
495 3427 501 3441 .
521 3388 550 3440 et
571 3385 644 3440 nihil
666 3385 776 3438 ustione
794 3386 822 3439 A
840 3386 870 3439 in
892 3385 1049 3439 mutatione
1064 3426 1070 3438 .
1087 3428 1092 3438 .
1109 3425 1114 3437 .
1129 3385 1159 3438 et
1179 3383 1208 3437 in

199 3475 226 3510 u.
238 3457 288 3525 Fit
303 3462 335 3510 17
346 3458 522 3528 cauteriePt
539 3457 696 3526 qnodoclg.
710 3458 720 3524 l
734 3461 768 3509 18
783 3457 916 3511 doceatur
930 3458 957 3510 P
968 3457 977 3524 ΙΙ
993 3460 1025 3509 19
1040 3457 1136 3510 tamen
1150 3455 1207 3508 eius

201 3529 366 3584 FMVom.
381 3531 420 3585 ed.
436 3546 481 3598 pr.
496 3529 524 3582 A
550 3532 559 3597 ΙΙ
587 3533 620 3580 20
639 3527 751 3580 adustio
774 3529 814 3581 ed.
829 3545 874 3596 pr.
892 3527 956 3582 AF
978 3528 988 3595 ΙΙ
1015 3532 1048 3579 21
1068 3527 1167 3580 tenuat
1185 3527 1211 3580 P

202 3599 273 3654 Obir.
291 3601 441 3672 {humecta
461 3600 549 3653 siccat
566 3599 611 3665 ΡΙ
628 3597 760 3666 coagulat
777 3599 805 3652 A
