2682 3920
204 183 247 247 80
640 181 774 236 ruenni
875 257 880 264 Ι

202 351 342 426 diumque
355 353 508 428 iungetur3
528 350 648 410 difficile
663 351 792 410 cubabit.
824 351 889 410 Hac
907 352 1024 409 ratione
1038 351 1214 409 curandum:

201 459 219 498 a
243 440 308 498 cibo
331 443 464 516 potuque
487 440 702 515 temperabitur
725 442 879 516 somnique
901 439 1105 517 indulgebitur
1128 441 1216 516 copia

200 519 340 588 mollibus
371 531 488 603 stratiS,
516 531 583 588 tum
605 529 641 588 de
664 531 787 588 matrice
811 531 957 604 quantum
979 530 1057 587 ratic
1081 529 1214 605 postula·

167 619 279 677 averit
298 617 418 696 sanguis
438 619 599 694 auferatur,
622 622 680 676 nec'
694 617 824 693 potionis
843 636 915 676 cura
933 617 1073 676 cessabit:
1097 611 1216 696 [sucum

200 707 303 782 itaque
321 707 426 767 viridis
445 707 598 766 coriandri
615 707 664 766 vel
682 709 708 766 si
726 708 863 782 defuerit,
884 708 968 782 porri
985 701 1103 785 sectivi]
1123 709 1215 766 trixa-
1245 729 1257 768 s

201 796 279 874 ginis
301 797 404 871 itaque
424 798 453 854 et
474 799 650 855 centaureae
668 797 819 855 violaceae
843 798 873 854 et
891 797 964 854 nitri
982 795 1085 872 aequis
1104 795 1214 872 ponde-

200 885 281 943 ribus
300 887 431 954 mixtura
453 886 598 962 iungitur.
644 885 690 942 Ex
713 885 821 961 quibus
844 887 940 944 tunsis
964 887 1053 960 atque
1076 885 1214 944 cribratis

200 973 340 1032 diurnum
375 974 504 1032 cocleare
540 993 574 1032 ox
605 973 725 1032 hemina
754 993 849 1050 aquae
886 974 1005 1050 tepidae
1038 973 1216 1033 infundatur

200 1063 344 1121 faucibus.
391 1060 471 1132 Quae
489 1065 572 1138 potio
595 1063 749 1122 humorem
772 1065 802 1121 et
820 1065 995 1140 sanguinem
1013 1062 1214 1122 imminentes-

201 1171 259 1226 que
283 1151 357 1211 alios
379 1151 497 1210 morbos
520 1154 631 1228 purgat
653 1153 743 1228 atque
767 1154 861 1211 sanat.
1230 1175 1256 1214 ιο

187 1385 290 1450 LVI.
324 1385 409 1467 (luce
432 1387 592 1468 diligentia
616 1387 790 1452 adhibendo
812 1392 869 1471 est,
897 1393 932 1450 at
954 1387 1110 1450 animalia
1132 1407 1214 1451 succ

576 1501 579 1505 ·
612 1486 790 1566 perdurent.

40 1627 105 1668 112⁸
119 1625 187 1666 Sohn.
291 1612 437 1672 Obscuras
461 1613 655 1689 difficilesque
679 1633 764 1674 curas
787 1613 884 1690 prima
909 1615 1006 1674 fronte
1030 1615 1214 1693 digessimus,

201 1704 414 1777 consequenter
438 1703 476 1761 ad
493 1705 591 1761 cetera
613 1706 777 1780 pergentes
824 1702 881 1762 Sed
900 1705 1099 1762 necessarium
1121 1703 1214 1762 credi-

200 1807 266 1847 mus
290 1783 442 1849 cstendere
460 1793 600 1865 rationes,
624 1810 659 1849 ex
677 1791 784 1868 quibus
807 1791 997 1851 incolumitas
1014 1794 1214 1851 iumentorum
1229 1821 1254 1862 1⁶

201 1880 374 1955 incorrupta
411 1883 551 1939 servetur.
606 1881 714 1940 Melius
747 1882 827 1939 enim
864 1886 909 1940 est
945 1881 1092 1958 diligenti·
1115 1881 1214 1940 studio

202 1968 350 2027 custodire
364 1970 524 2028 sanitatem
542 1989 635 2045 quam
653 1969 890 2047 aegritudinibus
904 1973 1056 2045 praestare
1074 1969 1213 2030 remedia.

166 2057 336 2134 2Diligens
363 2059 466 2132 itaquo
493 2059 629 2118 dominus
657 2058 808 2118 stabulum
835 2059 1006 2134 frequenter
1031 2053 1158 2117 intrabit
1185 2061 1214 2117 et

200 2148 329 2222 primum
343 2146 427 2205 dabit
441 2166 571 2223 operam,
589 2150 624 2207 ut
638 2150 765 2207 stratum
782 2147 946 2222 pontilibus
961 2149 1090 2206 emineat
1102 2149 1214 2224 ipsum·

202 2255 258 2310 que
283 2237 323 2294 sit
345 2255 405 2294 non
428 2255 463 2294 ex
481 2237 621 2296 mollibus
640 2238 739 2314 lignis,
763 2239 841 2296 sicut
858 2237 1029 2312 frequenter
1046 2257 1100 2312 per
1122 2238 1213 2312 impe·
1228 2268 1254 2306 20

199 2326 302 2382 ritiam
325 2326 374 2383 vel
392 2325 606 2403 negligentiam
629 2328 736 2394 evenit,
760 2326 811 2384 sed
829 2326 943 2385 roboris
966 2327 1079 2386 vivacis
1102 2326 1214 2385 duritia

273 2570 305 2617 19
324 2563 381 2619 Pel.
397 2581 419 2618 c.
436 2571 469 2618 30
488 2585 514 2635 p.
530 2570 573 2633 41,
588 2571 605 2618 4
620 2582 653 2620 ec
667 2565 724 2620 001.
739 2565 778 2620 VI
792 2571 834 2631 30,
850 2572 874 2619 2.

273 2779 328 2833 ld.
345 2794 399 2849 que
409 2780 448 2832 ed.
456 2796 500 2848 pr.
518 2781 521 2843 1
538 2779 846 2834 cubabitPcurabitur
859 2780 930 2850 vulg.
947 2795 976 2832 se
986 2779 1106 2834 iactabit
1117 2780 1189 2835 Ota.
1207 2780 1211 2851 1

200 2851 356 2904 sanandum
370 2851 400 2904 F
411 2867 431 2902 s.
443 2852 487 2903 est
496 2852 524 2904 P
535 2852 544 2919 11
558 2857 708 2920 2somncq.
719 2852 779 2905 AP
794 2853 797 2920 1
814 2850 924 2919 copiam
933 2851 995 2905 FA
1008 2852 1017 2920 11
1031 2855 1047 2904 3
1062 2852 1097 2906 de
1108 2851 1213 2906 cervice

201 2922 274 2977 eutr.
289 2923 328 2989 114
346 2920 509 2990 potionibus
528 2938 595 2975 cura
609 2925 699 2976 cesset
718 2924 804 2992 Ρ114,
820 2926 835 2974 5
855 2938 888 2975 ea
902 2939 923 2975 c.
939 2925 973 2976 54
986 2923 1058 2989 falso
1077 2923 1191 2991 repetita
1204 2923 1214 2994 11

201 2992 392 3062 buaxaginis
411 2993 508 3047 AFP
532 2994 541 3062 11
564 2999 580 3046 6
599 3009 710 3062 quoque
729 2995 769 3048 ed.
779 3011 824 3062 pr.
844 2992 862 3046 i.
878 2994 907 3045 et
925 3009 975 3048 om.
991 2995 1019 3048 P
1046 2995 1050 3062 Ι
1079 2993 1213 3047 viclariae

199 3064 261 3118 FP
279 3068 283 3131 1
304 3063 387 3132 aequi
406 3063 537 3132 ponderis
556 3065 595 3119 ed.
606 3071 651 3133 pr.
675 3066 683 3134 11
708 3069 721 3116 7
741 3064 830 3118 mixta
848 3063 866 3118 i.
881 3064 913 3118 F
928 3064 1050 3118 mixtura
1068 3064 1214 3136 inungItur

199 3135 239 3188 ed.
251 3151 296 3202 pr.
312 3137 340 3188 P
356 3136 401 3204 (m.
417 3135 569 3205 iungatur).
595 3135 736 3206 impetura
754 3135 871 3205 ungitur
884 3136 912 3189 A
928 3137 932 3204 Ι
948 3135 1037 3189 tonsis
1052 3136 1080 3190 A
1093 3138 1132 3205 118
1152 3136 1213 3189 diu·

200 3207 314 3258 turnum
333 3207 394 3260 AP
414 3208 423 3276 11
446 3212 461 3259 9
481 3206 610 3261 humores
630 3209 670 3262 ed.
681 3212 731 3276 pu
752 3212 756 3276 1
780 3206 798 3258 i.
815 3208 844 3261 et
861 3205 932 3260 alios
951 3225 987 3261 m.
1003 3209 1031 3261 P
1046 3207 1175 3261 minuens
1194 3206 1210 3260 i.

200 3275 270 3328 alios
289 3295 325 3330 m.
340 3277 419 3332 Sclm.
434 3279 481 3332 sed
498 3280 532 3344 cf.
550 3279 622 3334 Oto.
637 3280 647 3348 11
662 3283 695 3332 10
713 3296 740 3346 p.
755 3277 886 3346 prohibet
904 3280 933 3331 et
952 3295 972 3330 s.
988 3279 1027 3332 ed.
1038 3296 1083 3348 pr.

272 3352 304 3400 13
324 3364 348 3402 o.
368 3350 397 3402 et
415 3348 600 3419 difficilesque
618 3351 657 3404 sic
675 3351 703 3402 A
725 3351 735 3418 11
758 3355 791 3402 14
810 3365 958 3418 pergemus
977 3351 1005 3403 P
1016 3351 1025 3418 11
1041 3355 1073 3402 16
1091 3365 1157 3403 nam
1175 3368 1211 3403 m.

201 3419 236 3471 M
253 3434 320 3471 nam
338 3437 374 3472 m.
395 3420 469 3474 enim
488 3422 518 3475 F
536 3423 546 3490 11
569 3425 602 3473 17
622 3419 835 3490 aegrotantibus
854 3422 881 3474 P
902 3424 911 3489 11
935 3423 967 3473 19
986 3422 1019 3473 ut
1038 3436 1101 3473 cum
1120 3422 1167 3474 str.
1184 3463 1211 3473 ..

199 3488 293 3557 ipsum
311 3489 349 3543 sit
367 3493 395 3545 P
418 3493 428 3561 11
451 3497 484 3545 19
504 3493 608 3545 stratus
627 3490 743 3561 pontilis
761 3492 801 3545 ed.
813 3509 857 3560 pr.
877 3493 997 3544 stratum
1014 3491 1136 3559 pontiles
1155 3493 1215 3546 ΑΡ

200 3561 319 3615 stratum
336 3562 417 3631 ponti
435 3563 579 3616 hemineat
596 3563 627 3616 F
637 3565 646 3631 11
661 3568 692 3626 21
712 3561 803 3616 vivaci
821 3563 882 3617 FA
