2668 3920
498 246 637 307 nuncu.
657 253 669 305 1
689 257 730 319 ro,
747 258 778 306 11
1104 255 1147 318 23

133 422 227 482 simili
248 439 388 482 mensura
411 423 442 480 et
463 422 580 480 ratione
604 422 707 482 offeres
731 422 769 481 ad
796 421 969 498 bibendum3
997 423 1023 480 si
1045 425 1148 482 autem

133 511 260 585 fastidit,
282 529 342 571 non
362 510 444 570 aliud
462 511 555 584 dabis,
579 530 731 586 quousque
754 511 809 570 hoc
828 531 863 569 ex
881 513 947 571 sitis
970 513 1148 571 necessitate

133 601 288 677 percipiat.
334 601 380 658 De
402 601 504 676 palato
534 618 652 675 quoque
679 600 869 675 postmodum
896 602 1072 680 sanguinem
1099 600 1181 660 ‹le-9

135 689 243 764 trahes,
262 691 298 747 ut
311 689 393 748 omni
414 691 557 765 exparte,
575 708 634 764 qua
652 689 772 748 morbus
792 707 990 767 praegravare
1009 691 1148 766 coeperit,

110 779 290 838 crelevetur.
336 778 426 852 Scito,
451 779 511 836 nisi
533 777 693 856 diligenter
715 797 861 854 occurras,
883 778 962 837 hunc
985 796 1047 837 esse
1070 781 1147 854 peri·

136 867 350 926 culosissimum
379 867 523 927 morbum.
568 867 647 925 Nam
677 869 736 925 cito
766 869 798 924 in
828 868 988 942 suspirium
1017 868 1073 926 hoc
1103 870 1149 927 est

136 956 300 1015 anhelitum
322 958 432 1015 transit
454 959 484 1015 et
506 975 589 1032 spem
611 974 729 1015 omnem
752 957 858 1017 salutis
882 956 1020 1016 excludit.

435 1146 498 1211 XI.
524 1145 609 1212 Oua
631 1147 731 1212 morbi
753 1148 847 1212 aridi.

202 1274 311 1336 Aridus
333 1296 405 1336 vero
423 1275 552 1351 morbae,
577 1278 630 1351 qui
648 1278 678 1335 et
696 1277 876 1352 suspiriosus
893 1279 1053 1355 praecipue
1076 1277 1148 1337 dici-

95 1386 121 1424 re
134 1368 199 1440 tur,
229 1368 259 1424 et
280 1365 327 1424 hio
350 1367 479 1442 negatur
502 1385 520 1424 a
543 1365 720 1441 quibusdam
742 1382 828 1442 posse
851 1368 962 1440 curari,
991 1369 1149 1442 propterea

135 1453 215 1530 quod
236 1455 362 1530 phthisi,
389 1473 464 1533 quae
487 1454 656 1514 hominibus
678 1457 834 1514 mortifera
856 1458 914 1530 est,
938 1455 1043 1514 similis
1066 1457 1148 1514 inve-

134 1545 225 1602 nitur.
281 1541 396 1602 Ootidie
433 1544 512 1602 enim
550 1544 644 1602 macie
681 1545 828 1604 crescente
869 1543 974 1603 exilior
1013 1543 1149 1603 redditur

134 1632 312 1708 penitusque
347 1634 481 1691 siccatur.
527 1631 563 1690 In
594 1634 675 1690 omni
706 1637 805 1693 autem
834 1622 950 1692 ratione
984 1633 1182 1693 medicinae2

135 1721 253 1780 facilius
277 1724 322 1780 est
345 1741 420 1797 quae
443 1720 660 1780 abundaverint
683 1721 807 1797 demere,
832 1741 922 1797 quam
945 1741 1022 1797 quae
1044 1721 1148 1781 viden·

94 1829 120 1870 ls
134 1813 184 1868 tur
207 1809 306 1869 deesse
329 1811 474 1886 supplere.
521 1810 608 1870 Salus
630 1812 732 1869 tamen
756 1813 897 1871 iumentis
925 1813 1017 1870 etiam
1039 1813 1070 1869 in
1092 1811 1149 1870 hac

134 1901 272 1974 passione
294 1901 477 1974 praestatur,
507 1901 533 1958 si
555 1899 587 1958 in
609 1899 756 1976 principio
784 1900 879 1976 possit
906 1902 1030 1960 occurri.
1073 1899 1181 1959 San-3

135 1988 255 2066 guinem
278 1989 362 2047 siccis
381 1987 535 2046 detrahere
555 1990 739 2047 contrarium
762 1991 814 2048 est
862 1987 921 2048 Sed
938 1989 1009 2048 vino
1027 1993 1058 2048 et
1081 1989 1146 2049 oleo

135 2077 317 2136 sufficienter
346 2077 478 2136 admixto
509 2080 538 2136 et
560 2078 709 2152 tepefacto
739 2076 963 2156 penmgendum
992 2080 1056 2136 toto
1085 2096 1147 2136 cor·

134 2185 206 2240 pore
229 2165 341 2224 animal
364 2168 422 2240 est,
446 2167 491 2223 ita
514 2168 549 2224 ut
576 2169 666 2241 ceput
689 2168 719 2224 et
743 2166 883 2225 maxillae
913 2168 943 2224 et
966 2167 1147 2225 extrinsecus

93 2275 120 2314 nc
135 2256 235 2313 fauces
259 2254 354 2313 eidem
383 2255 495 2331 largius
522 2253 721 2312 infundantur
748 2257 778 2312 et
805 2257 909 2314 contra
935 2255 1031 2331 pilum
1054 2273 1147 2330 usque

41 2417 42 2420 Ἴ
135 2343 174 2401 ad
196 2343 333 2403 sudorem
355 2342 522 2402 diutissime
551 2343 756 2401 confricantur.
802 2343 983 2403 Intrinsecus
1007 2345 1148 2403 autema

133 2434 232 2507 prima
262 2433 309 2490 die
339 2432 395 2490 hac
424 2431 540 2490 ratione
568 2431 731 2490 curandum
762 2434 814 2490 cst.
862 2429 972 2490 Sucum
1000 2434 1181 2508 ptisanae,4

136 2521 254 2596 adipem
283 2520 405 2579 suillum
432 2522 588 2580 remissum
615 2522 645 2578 et
672 2520 804 2595 amylum
833 2540 868 2579 ex
891 2521 979 2581 melle
1001 2539 1147 2598 passoque

135 2611 288 2669 decoctum
310 2629 363 2685 per
386 2627 477 2668 cornu
499 2611 532 2668 in
554 2610 675 2684 potione
698 2608 796 2684 dabis,
823 2612 858 2667 ut
881 2611 992 2670 canalis
1016 2611 1147 2688 gutturis

93 2718 119 2758 aa
135 2698 231 2757 eidem
267 2698 513 2773 maxillarumque
549 2716 693 2775 compago
729 2699 859 2774 laxetur,
901 2718 991 2773 quam
1029 2699 1147 2760 siccitas

135 2789 315 2846 astrinxerat
341 2786 446 2845 morbi.
493 2787 557 2857 Quo
581 2788 660 2846 facto
688 2788 720 2845 in
743 2789 807 2846 loco
831 2787 928 2847 calido
952 2787 1051 2847 stabit.
1097 2789 1180 2848 Iri-5

206 2928 220 2974 1
240 2923 323 2975 modo
342 2922 371 2974 et
388 2939 424 2974 m.
444 2919 526 2974 dabis
544 2919 691 2988 inpetum
710 2923 737 2975 P
749 2923 757 2990 ΙΙ
772 2927 787 2972 2
806 2937 864 2974 non
882 2937 932 2975 om.
950 2921 1026 2976 codd.
1037 2928 1148 2990 procur

134 2993 181 3064 F!
197 3010 224 3046 n.
241 2993 306 3046 ante
325 3008 350 3046 a.
365 2995 393 3047 P
407 2995 411 3060 Ι
427 3007 512 3058 qnam
531 2992 576 3062 Pl
593 2991 710 3045 extimas
728 3009 755 3046 n.
774 2992 918 3060 percipere
937 2994 1001 3047 AF
1011 2994 1051 3062 113
1070 2995 1147 3062 post-

132 3064 216 3117 modo
230 3066 259 3118 P
270 3065 310 3132 114
328 3063 404 3117 omni
421 3064 503 3131 parte
516 3063 550 3115 ut
568 3079 677 3116 omnem
696 3078 781 3130 quam
795 3063 826 3118 F
842 3064 918 3118 omni
936 3064 967 3118 in
984 3081 1018 3119 ccc
1036 3081 1147 3119 omnem

133 3136 161 3189 A
177 3139 181 3202 1
197 3137 279 3203 parte
296 3151 347 3190 ocu.
362 3135 390 3188 A
405 3136 409 3202 1
426 3150 511 3202 quam
529 3135 557 3188 A
569 3137 579 3204 ΙΙ
594 3139 609 3188 5
627 3133 765 3187 reveletur
783 3134 811 3186 P

206 3211 221 3258 9
241 3222 265 3259 a.
285 3221 396 3274 quoque
419 3205 468 3274 qui
485 3223 527 3274 pr.
543 3223 563 3259 s.
578 3207 693 3259 vocatur
711 3203 823 3258 morbus
842 3221 904 3275 neg.
925 3206 953 3258 P
972 3207 982 3274 ΙΙ
1006 3211 1037 3259 11
1058 3208 1146 3261 omni-

133 3277 186 3331 bus
201 3279 228 3331 P
239 3279 249 3346 ΙΙ
264 3283 296 3330 12
312 3275 411 3331 exilius
423 3319 428 3330 .
441 3319 446 3330 .
459 3319 464 3330 .
475 3275 626 3345 positumq.
641 3278 669 3330 P
681 3277 690 3345 ll
705 3281 738 3328 13
753 3292 807 3344 que
825 3293 875 3330 om.
887 3277 914 3331 A
930 3276 934 3348 l
951 3279 1045 3331 autem
1058 3279 1146 3332 medi-

134 3349 198 3402 cina
212 3351 240 3403 P
255 3350 264 3418 ll
287 3353 319 3401 14
340 3347 374 3401 de
393 3347 512 3401 materia
526 3349 554 3402 A
572 3347 726 3400 diminuere
745 3348 784 3400 ed.
796 3364 841 3416 pr.
865 3349 874 3417 ΙΙ
898 3352 931 3401 15
950 3349 1061 3402 sanim
1079 3350 1097 3404 i.
1113 3367 1147 3404 ex

133 3418 188 3472 hac
197 3421 225 3473 P
236 3421 245 3488 ΙΙ
260 3424 292 3473 16
308 3421 469 3474 occurratur
482 3420 510 3472 P
523 3418 630 3472 occurri
643 3417 688 3471 vel
702 3420 776 3472 ostes
790 3420 819 3471 A
831 3420 841 3487 ΙΙ
856 3423 888 3471 19
899 3421 927 3472 et
941 3419 987 3474 alt.
999 3437 1048 3474 om.
1063 3420 1127 3476 AF
1137 3421 1147 3493 Η

134 3495 168 3543 20
187 3489 320 3544 infundas
334 3492 363 3544 P
382 3492 391 3558 u
415 3496 447 3543 21
466 3488 551 3558 perfr.
566 3492 594 3544 P
616 3491 625 3558 ΙΙ
649 3495 682 3542 22
700 3489 815 3556 potione
828 3491 856 3543 P
868 3491 907 3543 cd.
919 3507 964 3558 pr.
995 3491 999 3560 l
1030 3496 1063 3544 23
1083 3507 1147 3544 cnm

134 3561 218 3629 adipe
237 3579 257 3615 s.
274 3561 359 3615 amilo
373 3580 409 3614 m.
423 3563 451 3614 et
461 3579 487 3629 p.
502 3561 622 3614 mixtum
636 3562 664 3614 ct
678 3562 789 3613 coetum
802 3561 848 3629 ΡΙ
864 3559 941 3614 suilli
954 3562 982 3615 A
995 3563 1005 3629 ΙΙ
1019 3567 1053 3614 24
1072 3562 1147 3630 posi-

133 3631 210 3686 tione
229 3633 328 3686 damus
345 3633 372 3686 A
395 3635 404 3702 ΙΙ
428 3638 460 3685 26
480 3631 612 3685 astrinxit
629 3649 679 3686 om.
695 3631 785 3685 morbi
799 3633 828 3684 A
