2952 3922
232 210 297 274 278
672 207 809 264 VEGETI

230 381 364 456 ipsorum
390 377 481 438 boum
510 378 627 437 utilitas
657 381 687 437 et
717 379 828 456 gratia,
858 379 922 438 sine
952 379 1059 453 quibus
1090 397 1144 437 nec
1170 381 1251 436 terra

231 468 326 527 excoli
348 486 402 526 nec
424 468 589 526 humanum
617 486 709 546 genus
737 469 900 527 amtentari
927 468 1077 526 ullatenus
1100 470 1250 544 poterunt.

232 555 345 616 (iuncta
368 558 462 635 igitur
484 557 637 635 legumina
667 558 730 616 sive
757 557 907 615 frumenta
937 555 1030 616 bobus
1052 558 1161 616 merito
1184 575 1251 614 ara-

229 648 344 721 trisque
376 646 534 721 debentur,
570 647 726 704 vinearum
757 647 892 721 ipsarum
928 664 1000 704 usus
1031 647 1155 721 periret,
1192 647 1252 704 nisi

196 737 334 795 deorum
364 735 553 794 adminiculis
582 734 778 794 subvehendis
806 738 948 810 carpenta
975 735 1125 793 sudarent.
1173 734 1252 804 Quid
1281 755 1295 794 a

231 824 267 882 de
296 824 480 883 diversorum
510 843 633 883 onerum
663 824 885 900 comparatione
914 825 1091 901 referamus,
1122 824 1193 883 dum
1221 827 1251 882 et

197 915 200 920 '
230 915 310 972 inter
327 913 451 972 mobilia
475 912 623 989 quidquid
641 915 762 992 gravius
786 916 832 972 est
855 913 966 988 absque
989 912 1133 972 vehiculis
1156 932 1251 988 paene

229 1001 373 1061 reddatur
401 999 575 1060 immobile?
623 1001 752 1077 Reliqua
781 1020 898 1078 quoque
934 1001 1078 1061 animalia
1106 1003 1250 1077 ipsaeque

231 1091 396 1150 cohortales
434 1110 503 1151 aves
536 1111 571 1150 ex
608 1109 710 1151 eorum
747 1092 871 1166 capiunt
907 1091 1009 1150 labore
1041 1091 1250 1150 substantiam.

229 1178 315 1238 Unde
345 1182 425 1238 enim
457 1182 541 1256 equis
575 1180 732 1253 hordeum,
766 1180 844 1238 unde
875 1179 974 1238 cibum
1004 1180 1140 1249 canibus,
1172 1179 1250 1238 unde
1266 1201 1294 1239 ro

229 1271 327 1344 porois
351 1269 495 1344 pabulum
518 1268 706 1328 dominorum
729 1269 864 1329 sollertia
886 1270 1083 1342 ministraret,
1107 1271 1140 1327 ni
1162 1287 1250 1344 para·

197 1359 335 1417 brentur
366 1358 457 1416 boum
488 1357 589 1418 labore
626 1355 797 1417 frumenta?
838 1357 879 1416 llt
909 1377 946 1416 ne
976 1358 1099 1436 longum
1131 1358 1251 1433 faciam,

228 1446 322 1506 bobus
346 1446 454 1506 debent
481 1448 637 1523 alimenta,
668 1447 813 1523 quidquid
844 1447 886 1506 ali
911 1449 1018 1522 potest.
1060 1445 1150 1523 Apud
1173 1448 1250 1507 alios

229 1555 321 1614 genus
345 1537 506 1610 mulorum,
530 1537 611 1612 apud
634 1536 708 1595 elios
732 1537 926 1610 camelorum,
953 1536 1032 1611 apud
1055 1554 1167 1611 paucos
1191 1537 1250 1595 ele·

228 1625 409 1700 phantorum
432 1625 503 1685 licet
525 1627 648 1703 exiguus
671 1643 742 1684 usus
770 1628 827 1684 est:
851 1626 934 1683 nulla
956 1627 1057 1700 potest
1078 1627 1162 1684 natio
1187 1643 1249 1685 esse
1265 1646 1292 1686 15

196 1714 293 1772 tsine
315 1713 418 1773 bobus.
464 1713 626 1788 Postremo,
648 1717 683 1772 ut
707 1714 746 1773 ad
768 1713 1098 1789 providentissimomm
1120 1715 1249 1774 virorum

229 1804 341 1878 scripta
370 1802 537 1879 redeamus,
569 1821 695 1878 quorum
722 1802 859 1861 firmatur
889 1805 1068 1862 auctoritate
1097 1803 1250 1862 Iustitiam

228 1893 428 1951 iumentorum
458 1892 547 1951 caede
577 1891 722 1952 violatam
751 1892 902 1951 derelictis
932 1893 1020 1950 terris
1052 1891 1089 1950 ed
1119 1892 1250 1951 siderum

228 1998 373 2040 remeasse
388 1983 583 2041 consortium:
603 1980 675 2058 quid
689 1984 789 2056 potest
804 1980 986 2040 laudabilius
1004 1983 1139 2056 reperiri,
1159 2000 1249 2057 quam

228 2072 262 2127 ut
294 2090 403 2128 numen
436 2071 650 2146 aequissimum
678 2070 769 2130 boum
802 2071 958 2148 fugaretur
989 2071 1129 2145 interitu,
1161 2070 1250 2147 quod,
1264 2091 1291 2130 ao

195 2157 300 2217 ddum
322 2158 486 2218 homicidia
515 2159 632 2234 fierent,
662 2159 856 2234 permanebat
882 2161 915 2218 in
942 2157 1051 2218 terris?
1092 2159 1251 2235 Duplicem

227 2248 323 2325 igitur
341 2248 574 2308 sollicitudinem
593 2250 711 2324 oportet
728 2249 871 2324 impendi,
889 2251 926 2307 ut
944 2250 1058 2308 sanitas
1077 2250 1251 2324 incorrupta

226 2339 402 2411 permaneat
435 2340 465 2396 et
500 2336 668 2416 aegritudo,
703 2356 780 2414 quae
812 2357 847 2396 ex
882 2355 953 2397 casu
988 2337 1036 2396 vel
1065 2339 1250 2416 negligentia

228 2426 290 2484 sivo
312 2426 414 2485 labore
440 2429 594 2486 contracta
624 2430 682 2500 est,
713 2428 907 2503 competentis
937 2426 1102 2485 medicinae
1130 2430 1249 2485 curetur

227 2516 353 2574 ratione.
1262 2535 1288 2575 aa

442 2651 470 2716 1.
493 2652 544 2716 Dc
565 2653 756 2717 observando
779 2653 868 2717 boum
891 2653 1033 2718 sonituta

127 2791 262 2832 mreasn.
308 2781 350 2840 Ut
379 2782 520 2860 longaevi
547 2786 577 2841 et
606 2783 673 2840 sani
700 2783 762 2842 sint
789 2781 891 2857 boves,
919 2782 1082 2842 bubulcum
1110 2785 1248 2842 convenit

227 2870 383 2946 providere
413 2872 461 2930 vel
494 2871 660 2944 dominum,
693 2874 839 2947 quatenus
870 2871 1030 2950 frigoribus
1064 2871 1246 2931 calidissimo

300 3028 333 3076 16
352 3022 387 3077 cf.
402 3021 487 3093 Verg.
502 3039 597 3093 georg.
612 3022 638 3076 ll
655 3028 716 3077 4⁷3.

300 3170 314 3218 7
335 3166 409 3221 inter
426 3166 544 3220 mobilia
563 3168 593 3220 et
609 3167 691 3236 vulgo
704 3168 713 3235 l
729 3171 744 3219 9
764 3182 845 3220 aures
860 3168 888 3220 A
901 3169 910 3234 ΙΙ
927 3172 958 3220 12
977 3165 1066 3220 faeiat
1080 3166 1108 3220 A
1121 3169 1130 3236 ΙΙ
1147 3172 1179 3220 13
1194 3183 1248 3235 ap-

225 3237 284 3289 tius
303 3236 374 3290 alios
393 3238 420 3291 A
434 3239 443 3305 l
459 3243 491 3291 1⁷
509 3237 659 3291 reddemus
678 3238 705 3291 A
730 3239 733 3306 Ι
759 3238 912 3291 auctoritas
930 3239 970 3292 ed.
983 3255 1027 3306 pr.
1043 3239 1071 3292 A
1085 3255 1153 3294 corus
1171 3240 1247 3294 Mor·

225 3308 346 3377 geonica
380 3311 383 3374 Ι
417 3308 529 3362 iustitia
546 3311 574 3363 A
606 3311 615 3377 ΙΙ
648 3313 682 3362 18
701 3308 939 3377 violentarum.
959 3309 1114 3363 violentam
1133 3311 1161 3364 A
1179 3325 1245 3365 corr.
1372 3329 1373 3341 ¹

230 3379 311 3432 Geso.
339 3381 348 3446 l
379 3384 411 3432 19
432 3381 589 3432 consortem
607 3380 647 3434 ed.
659 3397 703 3451 pr.
719 3381 747 3434 A
765 3397 833 3435 corr.
850 3382 1035 3451 Morgoguius
1068 3381 1073 3450 1
1104 3380 1248 3435 laudabile
1371 3399 1372 3429 r

226 3447 349 3516 reperire
363 3451 391 3503 A
405 3452 414 3518 ΙΙ
428 3455 463 3503 20
476 3465 578 3504 nomen
592 3451 632 3505 ed
643 3469 688 3520 pr.
697 3452 725 3505 A
738 3467 806 3506 corr.
823 3453 914 3522 Morg
929 3453 1169 3520 1123maneatad
1181 3469 1224 3522 pr
1238 3451 1249 3524 ll
1370 3481 1371 3515 a

228 3522 262 3570 24
281 3518 422 3573 contraria
440 3522 468 3574 P
1369 3559 1370 3603 ,

299 3593 333 3642 28
352 3590 498 3658 pervidere
518 3591 544 3644 A
570 3592 574 3659 Ι
602 3591 807 3644 calidissimum
827 3593 920 3647 cubile
939 3593 1084 3649 muniatur
1103 3597 1130 3648 P
1367 3631 1369 3691 4
