2668 3920
493 249 634 304 MVLOM.
653 247 756 303 PROL.
1096 250 1137 313 15

121 417 237 476 damnis
274 421 395 477 careant
430 421 460 477 ct
490 417 697 494 voluptatibus
734 419 934 494 perfruantur.
989 417 1047 476 Sed
1063 461 1066 470 .
1084 419 1136 476 alii
1149 427 1191 483 14

6 497 14 512 ⁵
119 507 217 566 morbi
239 510 323 581 sunt,
347 507 398 582 qui
422 526 456 565 ea
479 509 597 565 tantum
622 507 776 582 animalia,
806 525 881 582 quae
910 510 1137 584 occupaverunt,

120 598 238 671 vexant,
265 596 318 654 alii
342 596 432 655 ctiam
452 596 489 654 ab
512 614 572 654 uno
595 596 643 656 vel
662 596 765 671 paucis
787 599 955 672 coeperunt,
977 597 1009 654 in
1027 597 1136 673 plures,

4 668 9 694 '¹
121 685 173 760 qui
201 685 315 760 paritor
342 685 531 744 stabulantur
557 686 606 744 vel
634 686 769 758 aluntur,
799 687 829 743 et
855 686 887 743 in
914 688 994 745 totos
1018 685 1136 762 saepius

94 795 106 834 s
121 793 225 852 greges
243 774 417 834 saevissima
436 775 612 850 contagione
630 774 854 851 transmigrant,
878 777 913 833 ut
931 775 1068 849 quamvis
1091 792 1137 832 sa·

120 881 193 922 num
208 863 320 921 animal
333 863 414 921 intra
428 863 516 922 breve
535 866 655 938 tempus
670 862 785 921 alienae
800 862 995 939 aegritudinis
1015 863 1136 922 afflante

119 951 231 1011 vicinia
256 955 377 1028 repente
405 951 552 1028 depereat.
595 951 716 1010 Rectius
746 954 791 1010 est
820 971 889 1030 ergo
921 971 1023 1010 eorum
1052 952 1136 1027 prius
1149 958 1191 1014 15

121 1041 292 1100 morborum
316 1043 347 1099 et
376 1041 463 1118 signa
493 1043 523 1100 et
550 1059 655 1100 causas
685 1041 855 1116 praedicere
883 1060 1027 1117 curasque
1054 1060 1136 1099 mon-

120 1132 224 1205 strare,
244 1131 295 1206 qui
310 1129 439 1205 quodam
456 1131 586 1188 transitu
600 1129 736 1205 pluribus
749 1132 864 1189 nocent.
900 1131 981 1188 Nam
994 1130 1135 1190 adversus

80 1239 106 1279 ro
119 1219 235 1278 maiora
258 1218 413 1294 dispendia
435 1220 579 1278 maiorem
602 1218 833 1277 sollicitudinem
855 1221 973 1294 oportet
994 1219 1135 1295 impendi.

119 1307 223 1366 Prima
244 1308 339 1385 igitur
360 1308 560 1367 iumentorum
583 1307 699 1366 utilitas
723 1310 768 1366 est
791 1307 904 1367 domini
926 1308 974 1366 vel
996 1313 1190 1384 procura-16

119 1397 194 1456 toris
223 1397 272 1456 vol
301 1397 430 1472 pastoris
457 1397 551 1472 ipsius
581 1414 666 1454 amor
696 1398 785 1472 atque
813 1397 978 1474 diligentia.
1030 1396 1134 1456 Oomes

121 1487 200 1543 enim
223 1505 339 1561 semper
366 1487 411 1544 est
439 1485 602 1545 affectionis
624 1484 788 1559 industria,
817 1487 847 1543 ct
869 1485 1030 1544 incolumia
1054 1485 1135 1562 cupi-

120 1593 186 1632 mus
210 1593 401 1650 quaecunque
425 1574 584 1652 diligimus.
626 1573 749 1633 Domita
777 1575 919 1634 animalia
942 1577 997 1633 aut
1018 1593 1135 1650 praesc-

80 1684 106 1724 15
120 1663 207 1738 pibus
232 1664 353 1722 aluntur
376 1666 429 1722 aut
446 1665 544 1739 pastu,
566 1662 713 1721 indomita
730 1663 887 1723 latioribus
906 1664 1081 1722 nutriuntur
1103 1664 1135 1722 in

120 1752 255 1811 saltibus.
298 1751 412 1812 Cotidie
432 1772 502 1830 ergo
516 1753 565 1812 vel
583 1753 821 1828 frequentissime
836 1753 983 1828 speculari
997 1754 1135 1813 convenit

4 1847 11 1863 ¹
119 1840 256 1899 habitum
286 1841 502 1917 iumentorum,
535 1859 606 1900 nam
636 1841 829 1918 diligentibus
861 1842 981 1901 morbus
1011 1843 1074 1919 ipse
1104 1860 1136 1900 se

30 1933 31 1936 ’
118 1929 227 2006 prodit.

193 2121 207 2168 1
226 2119 343 2170 utantur
356 2118 415 2172 Μ
429 2119 438 2186 ΙΙ
457 2123 472 2171 3
493 2117 542 2171 alii
556 2117 624 2172 licet
639 2117 674 2171 ab
692 2135 748 2172 uno
763 2117 906 2186 coeperint
924 2117 954 2170 in
972 2117 1066 2185 plures
1085 2117 1135 2184 qui

119 2186 227 2256 pariter
253 2187 283 2241 in
311 2189 408 2242 eodem
437 2189 547 2243 stabulo
577 2189 691 2242 aluntur
709 2192 737 2244 P
753 2188 803 2242 alii
831 2189 918 2243 etiam
945 2189 981 2242 ab
1009 2205 1064 2242 uno
1090 2188 1135 2242 vel

12 2279 14 2282 ¹
118 2258 299 2327 paucioribus
323 2275 395 2329 quae
418 2261 538 2328 percunt
557 2259 587 2312 in
611 2259 693 2328 plura
719 2276 791 2328 quae
810 2261 849 2314 cd.
861 2277 905 2328 pr.
924 2259 1013 2329 culpo.
1044 2261 1054 2328 ΙΙ
1086 2265 1137 2312 4a

119 2331 180 2383 toto
199 2348 220 2384 s.
239 2347 324 2400 grege
339 2332 399 2385 ΡΑ
426 2333 435 2400 ll
462 2331 645 2400 caepissima
663 2332 723 2386 ΕΑ
750 2333 759 2400 ΙΙ
788 2336 888 2400 tergo
908 2332 951 2384 est
969 2333 997 2385 P
1021 2333 1030 2400 ll
1062 2335 1132 2384 8m.

120 2404 268 2456 causaest
291 2420 311 2456 s.
326 2404 355 2456 P
370 2402 449 2471 prius
470 2419 566 2456 corum
584 2421 620 2456 m.
641 2419 663 2456 c.
684 2404 751 2456 ets.
771 2403 802 2455 F
828 2405 838 2471 ΙΙ
872 2407 904 2455 10
923 2401 1031 2470 imponi
1049 2402 1111 2455 ΓΑ
1125 2402 1134 2473 ll

121 2478 153 2525 12
174 2472 232 2526 sivc
247 2472 368 2542 pastoris
382 2476 410 2528 P
422 2476 431 2544 ΙΙ
446 2479 478 2527 13
494 2475 522 2528 ot
537 2491 586 2528 cm.
600 2474 659 2528 FP
670 2473 803 2597 psemper
817 2490 879 2543 cup.
890 2473 949 2528 FP
960 2477 969 2542 ΙΙ
985 2479 1017 2527 15
1033 2472 1133 2526 alimus

119 2545 168 2612 ΡΙΙ
184 2549 215 2596 17
234 2560 290 2597 uon
310 2545 459 2599 dAuam
477 2546 593 2615 nouFl
609 2562 671 2599 mor
690 2545 714 2598 is
733 2547 761 2600 Α
777 2545 781 2616 l
797 2545 857 2614 ipse
876 2544 971 2614 prodit
989 2544 1050 2598 Pi.
1069 2561 1134 2612 pro-

120 2614 197 2668 cedit
214 2615 274 2669 ΕΑ
345 2616 504 2685 chaumtwr
521 2617 644 2686 capitata
664 2617 728 2672 libri
745 2619 766 2670 I
780 2617 812 2670 ic
830 2617 929 2670 AFP.
