<?xml version="1.0" encoding="UTF-8"?>
<!DOCTYPE html PUBLIC "-//W3C//DTD XHTML 1.0 Transitional//EN"
    "http://www.w3.org/TR/xhtml1/DTD/xhtml1-transitional.dtd">
<html xmlns="http://www.w3.org/1999/xhtml" xml:lang="en" lang="en">
 <head>
  <title>
</title>
<meta http-equiv="Content-Type" content="text/html;charset=utf-8" />
  <meta name='ocr-system' content='tesseract 3.04.00' />
  <meta name='ocr-capabilities' content='ocr_page ocr_carea ocr_par ocr_line ocrx_word'/>
</head>
<body>
  <div class='ocr_page' id='page_1' title='image "./pvegetirenatidi02martgoog/pvegetirenatidi02martgoog_0093.png"; bbox 0 0 2668 3920; ppageno 0'>
   <div class='ocr_carea' id='block_1_1' title="bbox 181 217 757 281">
    <p class='ocr_par' dir='ltr' id='par_1_1' title="bbox 181 217 757 281">
     <span class='ocr_line' id='line_1_1' title="bbox 181 217 757 281; baseline 0.002 -12"><span class='ocrx_word' id='word_1_1' title='bbox 181 218 225 281; x_wconf 90' lang='grc'>46</span> <span class='ocrx_word' id='word_1_2' title='bbox 621 217 757 270; x_wconf 82' lang='lat' dir='ltr'><strong>VEGETI</strong></span> 
     </span>
    </p>
   </div>
   <div class='ocr_carea' id='block_1_2' title="bbox 116 385 1239 2152">
    <p class='ocr_par' dir='ltr' id='par_1_2' title="bbox 116 385 1239 2152">
     <span class='ocr_line' id='line_1_2' title="bbox 154 385 1197 446; baseline 0.001 -2"><span class='ocrx_word' id='word_1_3' title='bbox 154 388 213 444; x_wconf 72' lang='lat' dir='ltr'>let</span> <span class='ocrx_word' id='word_1_4' title='bbox 236 389 324 444; x_wconf 86' lang='lat' dir='ltr'>oreta.</span> <span class='ocrx_word' id='word_1_5' title='bbox 366 385 479 445; x_wconf 81' lang='lat' dir='ltr'>Deinde</span> <span class='ocrx_word' id='word_1_6' title='bbox 503 385 657 445; x_wconf 86' lang='lat' dir='ltr'>tenebroso</span> <span class='ocrx_word' id='word_1_7' title='bbox 681 387 746 445; x_wconf 90' lang='lat' dir='ltr'>loco</span> <span class='ocrx_word' id='word_1_8' title='bbox 775 389 805 444; x_wconf 86' lang='lat' dir='ltr'>et</span> <span class='ocrx_word' id='word_1_9' title='bbox 828 385 923 446; x_wconf 92' lang='lat' dir='ltr'>calido</span> <span class='ocrx_word' id='word_1_10' title='bbox 947 388 1060 445; x_wconf 90' lang='lat' dir='ltr'>statues</span> <span class='ocrx_word' id='word_1_11' title='bbox 1082 387 1197 445; x_wconf 75' lang='lat' dir='ltr'>iumen=</span> 
     </span>
     <span class='ocr_line' id='line_1_3' title="bbox 182 476 1197 553; baseline 0.002 -21"><span class='ocrx_word' id='word_1_12' title='bbox 182 477 247 533; x_wconf 92' lang='lat' dir='ltr'>tum</span> <span class='ocrx_word' id='word_1_13' title='bbox 266 478 296 534; x_wconf 91' lang='lat' dir='ltr'>et</span> <span class='ocrx_word' id='word_1_14' title='bbox 313 476 503 553; x_wconf 84' lang='lat' dir='ltr'>farraginem,</span> <span class='ocrx_word' id='word_1_15' title='bbox 527 477 552 534; x_wconf 88' lang='lat' dir='ltr'>si</span> <span class='ocrx_word' id='word_1_16' title='bbox 570 479 687 550; x_wconf 89' lang='lat' dir='ltr'>tempus</span> <span class='ocrx_word' id='word_1_17' title='bbox 707 478 760 549; x_wconf 85' lang='lat' dir='ltr'>est,</span> <span class='ocrx_word' id='word_1_18' title='bbox 782 477 831 534; x_wconf 81' lang='lat' dir='ltr'>vel</span> <span class='ocrx_word' id='word_1_19' title='bbox 849 477 969 533; x_wconf 83' lang='lat' dir='ltr'>faenum</span> <span class='ocrx_word' id='word_1_20' title='bbox 987 476 1197 534; x_wconf 90' lang='lat' dir='ltr'>mollissimum</span> 
     </span>
     <span class='ocr_line' id='line_1_4' title="bbox 182 563 1197 640; baseline 0.002 -19"><span class='ocrx_word' id='word_1_21' title='bbox 182 563 266 624; x_wconf 89' lang='lat' dir='ltr'>dabis</span> <span class='ocrx_word' id='word_1_22' title='bbox 290 567 402 639; x_wconf 86' lang='lat' dir='ltr'>septem</span> <span class='ocrx_word' id='word_1_23' title='bbox 421 564 524 623; x_wconf 86' lang='lat' dir='ltr'>diebus</span> <span class='ocrx_word' id='word_1_24' title='bbox 548 582 583 622; x_wconf 92' lang='lat' dir='ltr'>ac</span> <span class='ocrx_word' id='word_1_25' title='bbox 605 563 756 640; x_wconf 79' lang='lat' dir='ltr'>noctibus3</span> <span class='ocrx_word' id='word_1_26' title='bbox 780 582 891 640; x_wconf 86' lang='lat' dir='ltr'>aquam</span> <span class='ocrx_word' id='word_1_27' title='bbox 912 566 1003 623; x_wconf 89' lang='lat' dir='ltr'>etiam</span> <span class='ocrx_word' id='word_1_28' title='bbox 1027 565 1139 639; x_wconf 86' lang='lat' dir='ltr'>offeres,</span> <span class='ocrx_word' id='word_1_29' title='bbox 1162 569 1197 623; x_wconf 91' lang='lat' dir='ltr'>ut</span> 
     </span>
     <span class='ocr_line' id='line_1_5' title="bbox 181 653 1201 731; baseline 0.001 -21"><span class='ocrx_word' id='word_1_30' title='bbox 181 654 208 710; x_wconf 92' lang='lat' dir='ltr'>si</span> <span class='ocrx_word' id='word_1_31' title='bbox 230 654 359 712; x_wconf 86' lang='lat' dir='ltr'>voluerit</span> <span class='ocrx_word' id='word_1_32' title='bbox 385 653 476 711; x_wconf 86' lang='lat' dir='ltr'>bibat.</span> <span class='ocrx_word' id='word_1_33' title='bbox 524 653 582 712; x_wconf 80' lang='lat' dir='ltr'>Sed</span> <span class='ocrx_word' id='word_1_34' title='bbox 611 655 729 711; x_wconf 85' lang='lat' dir='ltr'>triticea</span> <span class='ocrx_word' id='word_1_35' title='bbox 759 655 878 731; x_wconf 84' lang='lat' dir='ltr'>farrago</span> <span class='ocrx_word' id='word_1_36' title='bbox 908 653 1088 712; x_wconf 75' lang='lat' dir='ltr'>hordeaceae</span> <span class='ocrx_word' id='word_1_37' title='bbox 1111 672 1201 730; x_wconf 49' lang='lat' dir='ltr'>prae-¹</span> 
     </span>
     <span class='ocr_line' id='line_1_6' title="bbox 153 741 1239 816; baseline 0 -16"><span class='ocrx_word' id='word_1_38' title='bbox 153 742 291 816; x_wconf 70' lang='lat' dir='ltr'>dfertur3</span> <span class='ocrx_word' id='word_1_39' title='bbox 327 761 403 816; x_wconf 89' lang='lat' dir='ltr'>quae</span> <span class='ocrx_word' id='word_1_40' title='bbox 435 743 461 800; x_wconf 93' lang='lat' dir='ltr'>si</span> <span class='ocrx_word' id='word_1_41' title='bbox 497 741 638 816; x_wconf 85' lang='lat' dir='ltr'>defuerit,</span> <span class='ocrx_word' id='word_1_42' title='bbox 674 742 867 800; x_wconf 76' lang='lat' dir='ltr'>hordeaceam</span> <span class='ocrx_word' id='word_1_43' title='bbox 899 741 991 801; x_wconf 87' lang='lat' dir='ltr'>dabis</span> <span class='ocrx_word' id='word_1_44' title='bbox 1046 743 1197 802; x_wconf 90' lang='lat' dir='ltr'>Memento</span> <span class='ocrx_word' id='word_1_45' title='bbox 1226 769 1239 810; x_wconf 74' lang='lat'>5</span> 
     </span>
     <span class='ocr_line' id='line_1_7' title="bbox 116 830 1197 907; baseline 0.002 -19"><span class='ocrx_word' id='word_1_46' title='bbox 116 860 122 868; x_wconf 94' lang='lat'>·</span> <span class='ocrx_word' id='word_1_47' title='bbox 182 833 273 889; x_wconf 89' lang='lat' dir='ltr'>etiam</span> <span class='ocrx_word' id='word_1_48' title='bbox 303 830 383 906; x_wconf 89' lang='lat' dir='ltr'>quod</span> <span class='ocrx_word' id='word_1_49' title='bbox 414 850 450 890; x_wconf 89' lang='lat' dir='ltr'>ea</span> <span class='ocrx_word' id='word_1_50' title='bbox 480 831 586 889; x_wconf 87' lang='lat' dir='ltr'>melior</span> <span class='ocrx_word' id='word_1_51' title='bbox 616 833 661 889; x_wconf 92' lang='lat' dir='ltr'>est</span> <span class='ocrx_word' id='word_1_52' title='bbox 693 834 782 906; x_wconf 90' lang='lat' dir='ltr'>atque</span> <span class='ocrx_word' id='word_1_53' title='bbox 812 832 929 906; x_wconf 86' lang='lat' dir='ltr'>utilior,</span> <span class='ocrx_word' id='word_1_54' title='bbox 961 850 1037 907; x_wconf 90' lang='lat' dir='ltr'>quae</span> <span class='ocrx_word' id='word_1_55' title='bbox 1070 833 1197 890; x_wconf 88' lang='lat' dir='ltr'>vicinior</span> 
     </span>
     <span class='ocr_line' id='line_1_8' title="bbox 181 919 1195 995; baseline 0.001 -18"><span class='ocrx_word' id='word_1_56' title='bbox 181 920 304 978; x_wconf 90' lang='lat' dir='ltr'>marinis</span> <span class='ocrx_word' id='word_1_57' title='bbox 327 919 466 979; x_wconf 89' lang='lat' dir='ltr'>fluctibus</span> <span class='ocrx_word' id='word_1_58' title='bbox 490 919 593 994; x_wconf 88' lang='lat' dir='ltr'>fuerit,</span> <span class='ocrx_word' id='word_1_59' title='bbox 624 922 781 995; x_wconf 86' lang='lat' dir='ltr'>propterea</span> <span class='ocrx_word' id='word_1_60' title='bbox 810 920 890 995; x_wconf 92' lang='lat' dir='ltr'>quod</span> <span class='ocrx_word' id='word_1_61' title='bbox 919 923 1051 979; x_wconf 89' lang='lat' dir='ltr'>ventrem</span> <span class='ocrx_word' id='word_1_62' title='bbox 1075 921 1195 979; x_wconf 81' lang='lat' dir='ltr'>facilius</span> 
     </span>
     <span class='ocr_line' id='line_1_9' title="bbox 152 1008 1194 1085; baseline 0 -17"><span class='ocrx_word' id='word_1_63' title='bbox 152 1009 496 1084; x_wconf 84' lang='lat' dir='ltr'>9solvit‘humoresque</span> <span class='ocrx_word' id='word_1_64' title='bbox 527 1008 653 1068; x_wconf 78' lang='lat' dir='ltr'>deducit.</span> <span class='ocrx_word' id='word_1_65' title='bbox 700 1009 824 1068; x_wconf 78' lang='lat' dir='ltr'>Pulsate</span> <span class='ocrx_word' id='word_1_66' title='bbox 853 1029 888 1067; x_wconf 83' lang='lat' dir='ltr'>ex</span> <span class='ocrx_word' id='word_1_67' title='bbox 922 1027 1097 1085; x_wconf 90' lang='lat' dir='ltr'>quocunque</span> <span class='ocrx_word' id='word_1_68' title='bbox 1129 1011 1194 1068; x_wconf 90' lang='lat' dir='ltr'>loco</span> 
     </span>
     <span class='ocr_line' id='line_1_10' title="bbox 181 1097 1195 1176; baseline -0.001 -19"><span class='ocrx_word' id='word_1_69' title='bbox 181 1117 258 1157; x_wconf 82' lang='lat' dir='ltr'>vena</span> <span class='ocrx_word' id='word_1_70' title='bbox 281 1115 397 1156; x_wconf 92' lang='lat' dir='ltr'>omnem</span> <span class='ocrx_word' id='word_1_71' title='bbox 425 1100 599 1176; x_wconf 82' lang='lat' dir='ltr'>sanguinem</span> <span class='ocrx_word' id='word_1_72' title='bbox 622 1097 782 1175; x_wconf 87' lang='lat' dir='ltr'>diligenter</span> <span class='ocrx_word' id='word_1_73' title='bbox 805 1097 931 1173; x_wconf 85' lang='lat' dir='ltr'>excipies</span> <span class='ocrx_word' id='word_1_74' title='bbox 955 1101 985 1156; x_wconf 91' lang='lat' dir='ltr'>et</span> <span class='ocrx_word' id='word_1_75' title='bbox 1008 1101 1092 1158; x_wconf 90' lang='lat' dir='ltr'>aceto</span> <span class='ocrx_word' id='word_1_76' title='bbox 1117 1099 1195 1157; x_wconf 91' lang='lat' dir='ltr'>oleo-</span> 
     </span>
     <span class='ocr_line' id='line_1_11' title="bbox 182 1187 1238 1263; baseline 0 -19"><span class='ocrx_word' id='word_1_77' title='bbox 182 1206 239 1262; x_wconf 92' lang='lat' dir='ltr'>que</span> <span class='ocrx_word' id='word_1_78' title='bbox 262 1189 442 1262; x_wconf 85' lang='lat' dir='ltr'>permixtum</span> <span class='ocrx_word' id='word_1_79' title='bbox 461 1188 509 1246; x_wconf 86' lang='lat' dir='ltr'>vel</span> <span class='ocrx_word' id='word_1_80' title='bbox 528 1187 596 1254; x_wconf 89' lang='lat' dir='ltr'>aliis</span> <span class='ocrx_word' id='word_1_81' title='bbox 615 1187 838 1246; x_wconf 73' lang='lat' dir='ltr'>medicamentis</span> <span class='ocrx_word' id='word_1_82' title='bbox 858 1207 933 1262; x_wconf 86' lang='lat' dir='ltr'>quae</span> <span class='ocrx_word' id='word_1_83' title='bbox 956 1189 1033 1246; x_wconf 86' lang='lat' dir='ltr'>ratio</span> <span class='ocrx_word' id='word_1_84' title='bbox 1053 1187 1195 1263; x_wconf 88' lang='lat' dir='ltr'>deposcit,</span> <span class='ocrx_word' id='word_1_85' title='bbox 1211 1215 1238 1254; x_wconf 82' lang='lat'>10</span> 
     </span>
     <span class='ocr_line' id='line_1_12' title="bbox 182 1275 1194 1354; baseline 0.001 -21"><span class='ocrx_word' id='word_1_86' title='bbox 182 1275 319 1334; x_wconf 87' lang='lat' dir='ltr'>animalis</span> <span class='ocrx_word' id='word_1_87' title='bbox 342 1277 436 1350; x_wconf 89' lang='lat' dir='ltr'>ipsius</span> <span class='ocrx_word' id='word_1_88' title='bbox 456 1293 563 1352; x_wconf 80' lang='lat' dir='ltr'>corpus</span> <span class='ocrx_word' id='word_1_89' title='bbox 581 1294 727 1354; x_wconf 86' lang='lat' dir='ltr'>perunges</span> <span class='ocrx_word' id='word_1_90' title='bbox 745 1278 962 1352; x_wconf 88' lang='lat' dir='ltr'>praecipueque</span> <span class='ocrx_word' id='word_1_91' title='bbox 980 1277 1069 1334; x_wconf 90' lang='lat' dir='ltr'>illum</span> <span class='ocrx_word' id='word_1_92' title='bbox 1087 1277 1194 1351; x_wconf 88' lang='lat' dir='ltr'>locum,</span> 
     </span>
     <span class='ocr_line' id='line_1_13' title="bbox 181 1364 1193 1442; baseline 0 -20"><span class='ocrx_word' id='word_1_93' title='bbox 181 1383 216 1422; x_wconf 85' lang='lat' dir='ltr'>ex</span> <span class='ocrx_word' id='word_1_94' title='bbox 239 1383 297 1440; x_wconf 91' lang='lat' dir='ltr'>quo</span> <span class='ocrx_word' id='word_1_95' title='bbox 316 1364 466 1424; x_wconf 87' lang='lat' dir='ltr'>detractus</span> <span class='ocrx_word' id='word_1_96' title='bbox 491 1367 535 1424; x_wconf 89' lang='lat' dir='ltr'>est</span> <span class='ocrx_word' id='word_1_97' title='bbox 553 1366 674 1442; x_wconf 82' lang='lat' dir='ltr'>sanguis</span> <span class='ocrx_word' id='word_1_98' title='bbox 693 1368 723 1423; x_wconf 92' lang='lat' dir='ltr'>et</span> <span class='ocrx_word' id='word_1_99' title='bbox 743 1365 795 1440; x_wconf 90' lang='lat' dir='ltr'>qui</span> <span class='ocrx_word' id='word_1_100' title='bbox 818 1383 880 1424; x_wconf 89' lang='lat' dir='ltr'>esse</span> <span class='ocrx_word' id='word_1_101' title='bbox 898 1367 1023 1441; x_wconf 87' lang='lat' dir='ltr'>putatur</span> <span class='ocrx_word' id='word_1_102' title='bbox 1040 1367 1073 1423; x_wconf 87' lang='lat' dir='ltr'>iu</span> <span class='ocrx_word' id='word_1_103' title='bbox 1096 1383 1193 1424; x_wconf 86' lang='lat' dir='ltr'>eausa.</span> 
     </span>
     <span class='ocr_line' id='line_1_14' title="bbox 129 1449 1194 1534; baseline 0.002 -24"><span class='ocrx_word' id='word_1_104' title='bbox 129 1455 170 1512; x_wconf 89' lang='lat'>10</span> <span class='ocrx_word' id='word_1_105' title='bbox 182 1451 306 1512; x_wconf 75' lang='lat' dir='ltr'>Constat</span> <span class='ocrx_word' id='word_1_106' title='bbox 329 1455 407 1511; x_wconf 87' lang='lat' dir='ltr'>enim</span> <span class='ocrx_word' id='word_1_107' title='bbox 432 1453 560 1529; x_wconf 90' lang='lat' dir='ltr'>quadam</span> <span class='ocrx_word' id='word_1_108' title='bbox 583 1454 699 1512; x_wconf 89' lang='lat' dir='ltr'>ratione</span> <span class='ocrx_word' id='word_1_109' title='bbox 721 1449 871 1534; x_wconf 60' lang='lat' dir='ltr'>[naturali,</span> <span class='ocrx_word' id='word_1_110' title='bbox 898 1457 996 1530; x_wconf 90' lang='lat' dir='ltr'>ipsum</span> <span class='ocrx_word' id='word_1_111' title='bbox 1020 1457 1194 1532; x_wconf 85' lang='lat' dir='ltr'>sauguinem</span> 
     </span>
     <span class='ocr_line' id='line_1_15' title="bbox 180 1542 1193 1619; baseline 0 -19"><span class='ocrx_word' id='word_1_112' title='bbox 180 1561 249 1600; x_wconf 89' lang='lat' dir='ltr'>cum</span> <span class='ocrx_word' id='word_1_113' title='bbox 272 1543 444 1617; x_wconf 83' lang='lat' dir='ltr'>superfusus</span> <span class='ocrx_word' id='word_1_114' title='bbox 468 1545 513 1602; x_wconf 86' lang='lat' dir='ltr'>est</span> <span class='ocrx_word' id='word_1_115' title='bbox 535 1542 746 1619; x_wconf 84' lang='lat' dir='ltr'>languentibus</span> <span class='ocrx_word' id='word_1_116' title='bbox 764 1542 904 1602; x_wconf 89' lang='lat' dir='ltr'>membris</span> <span class='ocrx_word' id='word_1_117' title='bbox 927 1545 1079 1618; x_wconf 87' lang='lat' dir='ltr'>praestare</span> <span class='ocrx_word' id='word_1_118' title='bbox 1100 1543 1193 1601; x_wconf 90' lang='lat' dir='ltr'>medi-</span> 
     </span>
     <span class='ocr_line' id='line_1_16' title="bbox 180 1630 1235 1707; baseline 0.002 -18"><span class='ocrx_word' id='word_1_119' title='bbox 180 1631 278 1689; x_wconf 89' lang='lat' dir='ltr'>cinam</span> <span class='ocrx_word' id='word_1_120' title='bbox 300 1632 467 1707; x_wconf 84' lang='lat' dir='ltr'>vitiumque</span> <span class='ocrx_word' id='word_1_121' title='bbox 495 1632 612 1690; x_wconf 89' lang='lat' dir='ltr'>siccare.</span> <span class='ocrx_word' id='word_1_122' title='bbox 655 1630 748 1700; x_wconf 81' lang='lat' dir='ltr'>Quam</span> <span class='ocrx_word' id='word_1_123' title='bbox 777 1632 1008 1690; x_wconf 86' lang='lat' dir='ltr'>sollemnitatem</span> <span class='ocrx_word' id='word_1_124' title='bbox 1032 1631 1193 1691; x_wconf 87' lang='lat' dir='ltr'>curationis</span> <span class='ocrx_word' id='word_1_125' title='bbox 1209 1658 1235 1698; x_wconf 78' lang='lat'>15</span> 
     </span>
     <span class='ocr_line' id='line_1_17' title="bbox 129 1720 1194 1797; baseline 0.003 -20"><span class='ocrx_word' id='word_1_126' title='bbox 129 1721 240 1778; x_wconf 85' lang='lat' dir='ltr'>11110n</span> <span class='ocrx_word' id='word_1_127' title='bbox 272 1722 390 1794; x_wconf 89' lang='lat' dir='ltr'>oportet</span> <span class='ocrx_word' id='word_1_128' title='bbox 422 1722 530 1779; x_wconf 90' lang='lat' dir='ltr'>omitti.</span> <span class='ocrx_word' id='word_1_129' title='bbox 580 1720 738 1778; x_wconf 87' lang='lat' dir='ltr'>Praeterea</span> <span class='ocrx_word' id='word_1_130' title='bbox 774 1722 958 1796; x_wconf 82' lang='lat' dir='ltr'>interpositis</span> <span class='ocrx_word' id='word_1_131' title='bbox 990 1720 1093 1780; x_wconf 87' lang='lat' dir='ltr'>diebus</span> <span class='ocrx_word' id='word_1_132' title='bbox 1125 1723 1194 1797; x_wconf 90' lang='lat' dir='ltr'>post</span> 
     </span>
     <span class='ocr_line' id='line_1_18' title="bbox 179 1808 1193 1888; baseline 0.002 -22"><span class='ocrx_word' id='word_1_133' title='bbox 179 1808 370 1866; x_wconf 88' lang='lat' dir='ltr'>flebotomum</span> <span class='ocrx_word' id='word_1_134' title='bbox 404 1809 547 1868; x_wconf 89' lang='lat' dir='ltr'>animalia</span> <span class='ocrx_word' id='word_1_135' title='bbox 576 1809 777 1884; x_wconf 87' lang='lat' dir='ltr'>producentur</span> <span class='ocrx_word' id='word_1_136' title='bbox 810 1809 848 1867; x_wconf 91' lang='lat' dir='ltr'>ad</span> <span class='ocrx_word' id='word_1_137' title='bbox 881 1810 973 1868; x_wconf 88' lang='lat' dir='ltr'>solem·</span> <span class='ocrx_word' id='word_1_138' title='bbox 1008 1812 1039 1868; x_wconf 90' lang='lat' dir='ltr'>et</span> <span class='ocrx_word' id='word_1_139' title='bbox 1072 1813 1193 1888; x_wconf 86' lang='lat' dir='ltr'>sanguis</span> 
     </span>
     <span class='ocr_line' id='line_1_19' title="bbox 179 1897 1192 1974; baseline 0.003 -20"><span class='ocrx_word' id='word_1_140' title='bbox 179 1897 353 1956; x_wconf 85' lang='lat' dir='ltr'>detrahetur</span> <span class='ocrx_word' id='word_1_141' title='bbox 383 1899 474 1956; x_wconf 90' lang='lat' dir='ltr'>etiam</span> <span class='ocrx_word' id='word_1_142' title='bbox 504 1898 539 1955; x_wconf 89' lang='lat' dir='ltr'>de</span> <span class='ocrx_word' id='word_1_143' title='bbox 562 1899 673 1973; x_wconf 84' lang='lat' dir='ltr'>palato.</span> <span class='ocrx_word' id='word_1_144' title='bbox 719 1898 943 1974; x_wconf 86' lang='lat' dir='ltr'>Despumantur</span> <span class='ocrx_word' id='word_1_145' title='bbox 973 1901 1073 1958; x_wconf 85' lang='lat' dir='ltr'>autem</span> <span class='ocrx_word' id='word_1_146' title='bbox 1102 1901 1192 1958; x_wconf 75' lang='lat' dir='ltr'>tertio</span> 
     </span>
     <span class='ocr_line' id='line_1_20' title="bbox 179 1985 1193 2063; baseline 0.003 -21"><span class='ocrx_word' id='word_1_147' title='bbox 179 1985 274 2062; x_wconf 79' lang='lat' dir='ltr'>gradu</span> <span class='ocrx_word' id='word_1_148' title='bbox 300 2004 318 2044; x_wconf 91' lang='lat' dir='ltr'>a</span> <span class='ocrx_word' id='word_1_149' title='bbox 345 1986 482 2046; x_wconf 89' lang='lat' dir='ltr'>dentibus</span> <span class='ocrx_word' id='word_1_150' title='bbox 513 1988 634 2046; x_wconf 88' lang='lat' dir='ltr'>caninis.</span> <span class='ocrx_word' id='word_1_151' title='bbox 677 1987 755 2057; x_wconf 81' lang='lat' dir='ltr'>Quos</span> <span class='ocrx_word' id='word_1_152' title='bbox 786 1990 905 2063; x_wconf 83' lang='lat' dir='ltr'>oportet</span> <span class='ocrx_word' id='word_1_153' title='bbox 934 1988 1074 2063; x_wconf 88' lang='lat' dir='ltr'>suspendi</span> <span class='ocrx_word' id='word_1_154' title='bbox 1101 1988 1193 2046; x_wconf 87' lang='lat' dir='ltr'>altius</span> 
     </span>
     <span class='ocr_line' id='line_1_21' title="bbox 177 2075 1233 2152; baseline 0.002 -20"><span class='ocrx_word' id='word_1_155' title='bbox 177 2077 300 2150; x_wconf 87' lang='lat' dir='ltr'>propter</span> <span class='ocrx_word' id='word_1_156' title='bbox 318 2076 470 2152; x_wconf 82' lang='lat' dir='ltr'>sanguinis</span> <span class='ocrx_word' id='word_1_157' title='bbox 494 2075 614 2151; x_wconf 84' lang='lat' dir='ltr'>fluxum,</span> <span class='ocrx_word' id='word_1_158' title='bbox 636 2078 681 2135; x_wconf 85' lang='lat' dir='ltr'>ita</span> <span class='ocrx_word' id='word_1_159' title='bbox 703 2079 738 2135; x_wconf 87' lang='lat' dir='ltr'>ut</span> <span class='ocrx_word' id='word_1_160' title='bbox 759 2076 861 2136; x_wconf 87' lang='lat' dir='ltr'>eadem</span> <span class='ocrx_word' id='word_1_161' title='bbox 884 2076 932 2135; x_wconf 89' lang='lat' dir='ltr'>die</span> <span class='ocrx_word' id='word_1_162' title='bbox 950 2076 1089 2136; x_wconf 88' lang='lat' dir='ltr'>mollibus</span> <span class='ocrx_word' id='word_1_163' title='bbox 1114 2076 1191 2135; x_wconf 91' lang='lat' dir='ltr'>ciba·</span> <span class='ocrx_word' id='word_1_164' title='bbox 1207 2103 1233 2142; x_wconf 74' lang='lat'>20</span> 
     </span>
    </p>
   </div>
   <div class='ocr_carea' id='block_1_3' title="bbox 179 2279 1190 2406">
    <p class='ocr_par' dir='ltr' id='par_1_3' title="bbox 179 2279 1190 2406">
     <span class='ocr_line' id='line_1_22' title="bbox 192 2279 1190 2406; baseline 0.005 -78"><span class='ocrx_word' id='word_1_165' title='bbox 192 2286 266 2406; x_wconf 77' lang='lat'>¹125</span> <span class='ocrx_word' id='word_1_166' title='bbox 286 2279 358 2334; x_wconf 83' lang='lat' dir='ltr'>Chir.</span> <span class='ocrx_word' id='word_1_167' title='bbox 375 2297 396 2334; x_wconf 90' lang='lat' dir='ltr'>c.</span> <span class='ocrx_word' id='word_1_168' title='bbox 414 2287 455 2336; x_wconf 88' lang='lat'>11.</span> <span class='ocrx_word' id='word_1_169' title='bbox 520 2281 628 2336; x_wconf 69' lang='lat' dir='ltr'>schir.</span> <span class='ocrx_word' id='word_1_170' title='bbox 645 2299 667 2335; x_wconf 90' lang='lat' dir='ltr'>c.</span> <span class='ocrx_word' id='word_1_171' title='bbox 683 2288 707 2336; x_wconf 88' lang='lat'>8.</span> <span class='ocrx_word' id='word_1_172' title='bbox 774 2288 806 2335; x_wconf 82' lang='lat'>16</span> <span class='ocrx_word' id='word_1_173' title='bbox 826 2281 898 2336; x_wconf 71' lang='lat' dir='ltr'>chit.</span> <span class='ocrx_word' id='word_1_174' title='bbox 915 2299 937 2335; x_wconf 90' lang='lat' dir='ltr'>c.</span> <span class='ocrx_word' id='word_1_175' title='bbox 955 2287 995 2335; x_wconf 93' lang='lat'>11.</span> <span class='ocrx_word' id='word_1_176' title='bbox 1065 2279 1190 2334; x_wconf 79' lang='lat' dir='ltr'>acchir.</span> 
     </span>
     <span class='ocr_line' id='line_1_23' title="bbox 179 2367 259 2406; baseline 0 -2"><span class='ocrx_word' id='word_1_177' title='bbox 179 2367 201 2406; x_wconf 87' lang='lat' dir='ltr'>o.</span> <span class='ocrx_word' id='word_1_178' title='bbox 254 2393 259 2404; x_wconf 92' lang='lat'>.</span> 
     </span>
    </p>
   </div>
   <div class='ocr_carea' id='block_1_4' title="bbox 176 2529 1199 3672">
    <p class='ocr_par' dir='ltr' id='par_1_4' title="bbox 176 2529 1199 3672">
     <span class='ocr_line' id='line_1_24' title="bbox 252 2529 1191 2653; baseline 0.001 -71"><span class='ocrx_word' id='word_1_179' title='bbox 252 2535 265 2582; x_wconf 90' lang='lat'>1</span> <span class='ocrx_word' id='word_1_180' title='bbox 286 2531 314 2583; x_wconf 90' lang='lat' dir='ltr'>et</span> <span class='ocrx_word' id='word_1_181' title='bbox 332 2547 383 2585; x_wconf 83' lang='lat' dir='ltr'>om.</span> <span class='ocrx_word' id='word_1_182' title='bbox 399 2532 443 2600; x_wconf 89' lang='grc' dir='ltr'>ΡΙ</span> <span class='ocrx_word' id='word_1_183' title='bbox 460 2532 566 2584; x_wconf 80' lang='lat' dir='ltr'>certam</span> <span class='ocrx_word' id='word_1_184' title='bbox 580 2530 608 2582; x_wconf 99' lang='lat' dir='ltr'><strong><em>L</em></strong></span> <span class='ocrx_word' id='word_1_185' title='bbox 623 2533 627 2601; x_wconf 71' lang='grc'><strong>1</strong></span> <span class='ocrx_word' id='word_1_186' title='bbox 643 2530 673 2582; x_wconf 91' lang='lat' dir='ltr'>in</span> <span class='ocrx_word' id='word_1_187' title='bbox 691 2532 711 2584; x_wconf 90' lang='lat' dir='ltr'>t.</span> <span class='ocrx_word' id='word_1_188' title='bbox 727 2531 766 2584; x_wconf 85' lang='lat' dir='ltr'>ed.</span> <span class='ocrx_word' id='word_1_189' title='bbox 778 2548 823 2599; x_wconf 79' lang='lat' dir='ltr'>pr.</span> <span class='ocrx_word' id='word_1_190' title='bbox 839 2531 904 2585; x_wconf 99' lang='lat' dir='ltr'>AF</span> <span class='ocrx_word' id='word_1_191' title='bbox 923 2531 926 2602; x_wconf 70' lang='lat' dir='ltr'>l</span> <span class='ocrx_word' id='word_1_192' title='bbox 950 2530 1124 2584; x_wconf 86' lang='lat' dir='ltr'>tenebricoso</span> <span class='ocrx_word' id='word_1_193' title='bbox 1142 2529 1168 2582; x_wconf 91' lang='lat' dir='ltr'><strong><em>L</em></strong></span> <span class='ocrx_word' id='word_1_194' title='bbox 1173 2529 1191 2653; x_wconf 48' lang='lat' dir='ltr'>(p</span> 
     </span>
     <span class='ocr_line' id='line_1_25' title="bbox 180 2599 1170 2671; baseline 0.002 -19"><span class='ocrx_word' id='word_1_195' title='bbox 180 2599 412 2655; x_wconf 66' lang='lat' dir='ltr'>anobilissimum</span> <span class='ocrx_word' id='word_1_196' title='bbox 423 2603 451 2656; x_wconf 99' lang='lat' dir='ltr'><strong><em>A</em></strong></span> <span class='ocrx_word' id='word_1_197' title='bbox 464 2603 473 2670; x_wconf 75' lang='lat' dir='ltr'>n</span> <span class='ocrx_word' id='word_1_198' title='bbox 488 2607 503 2654; x_wconf 84' lang='lat'><strong>3</strong></span> <span class='ocrx_word' id='word_1_199' title='bbox 519 2600 579 2654; x_wconf 87' lang='lat' dir='ltr'>dies</span> <span class='ocrx_word' id='word_1_200' title='bbox 589 2617 622 2654; x_wconf 88' lang='lat' dir='ltr'>ao</span> <span class='ocrx_word' id='word_1_201' title='bbox 635 2604 732 2655; x_wconf 90' lang='lat' dir='ltr'>noctes</span> <span class='ocrx_word' id='word_1_202' title='bbox 741 2604 770 2656; x_wconf 92' lang='lat' dir='ltr'><strong><em>P</em></strong></span> <span class='ocrx_word' id='word_1_203' title='bbox 781 2605 790 2670; x_wconf 79' lang='lat' dir='ltr'>{l</span> <span class='ocrx_word' id='word_1_204' title='bbox 804 2608 820 2654; x_wconf 79' lang='lat'>4</span> <span class='ocrx_word' id='word_1_205' title='bbox 835 2601 1010 2671; x_wconf 85' lang='lat' dir='ltr'>praeferatur</span> <span class='ocrx_word' id='word_1_206' title='bbox 1019 2603 1047 2656; x_wconf 99' lang='lat' dir='ltr'><strong><em>A</em></strong></span> <span class='ocrx_word' id='word_1_207' title='bbox 1060 2603 1069 2670; x_wconf 73' lang='lat' dir='ltr'>tl</span> <span class='ocrx_word' id='word_1_208' title='bbox 1084 2608 1100 2655; x_wconf 75' lang='grc' dir='ltr'>ὅ</span> <span class='ocrx_word' id='word_1_209' title='bbox 1115 2619 1170 2670; x_wconf 92' lang='lat' dir='ltr'>quo</span> 
     </span>
     <span class='ocr_line' id='line_1_26' title="bbox 179 2670 1192 2744; baseline 0.003 -22"><span class='ocrx_word' id='word_1_210' title='bbox 179 2670 203 2723; x_wconf 86' lang='lat' dir='ltr'>si</span> <span class='ocrx_word' id='word_1_211' title='bbox 222 2673 285 2726; x_wconf 93' lang='lat' dir='ltr'>AF</span> <span class='ocrx_word' id='word_1_212' title='bbox 316 2674 319 2741; x_wconf 91' lang='grc' dir='ltr'>Ι</span> <span class='ocrx_word' id='word_1_213' title='bbox 354 2673 409 2726; x_wconf 86' lang='lat' dir='ltr'>def.</span> <span class='ocrx_word' id='word_1_214' title='bbox 430 2672 551 2739; x_wconf 77' lang='lat' dir='ltr'>tritinia,</span> <span class='ocrx_word' id='word_1_215' title='bbox 577 2674 605 2725; x_wconf 92' lang='lat' dir='ltr'>et</span> <span class='ocrx_word' id='word_1_216' title='bbox 630 2672 709 2725; x_wconf 89' lang='lat' dir='ltr'>illam</span> <span class='ocrx_word' id='word_1_217' title='bbox 735 2673 792 2726; x_wconf 86' lang='lat' dir='ltr'>ord.</span> <span class='ocrx_word' id='word_1_218' title='bbox 816 2673 897 2726; x_wconf 88' lang='lat' dir='ltr'>dabis</span> <span class='ocrx_word' id='word_1_219' title='bbox 916 2674 979 2728; x_wconf 98' lang='lat' dir='ltr'>AF</span> <span class='ocrx_word' id='word_1_220' title='bbox 1002 2675 1041 2742; x_wconf 90' lang='lat' dir='ltr'>(et</span> <span class='ocrx_word' id='word_1_221' title='bbox 1063 2673 1081 2726; x_wconf 92' lang='lat' dir='ltr'>i.</span> <span class='ocrx_word' id='word_1_222' title='bbox 1102 2674 1164 2742; x_wconf 82' lang='lat' dir='ltr'>om.)</span> <span class='ocrx_word' id='word_1_223' title='bbox 1182 2673 1192 2744; x_wconf 68' lang='lat' dir='ltr'>lt</span> 
     </span>
     <span class='ocr_line' id='line_1_27' title="bbox 178 2742 1169 2814; baseline 0.003 -19"><span class='ocrx_word' id='word_1_224' title='bbox 178 2747 194 2795; x_wconf 83' lang='grc'><strong>6</strong></span> <span class='ocrx_word' id='word_1_225' title='bbox 214 2742 311 2814; x_wconf 90' lang='lat' dir='ltr'>etiam]</span> <span class='ocrx_word' id='word_1_226' title='bbox 331 2744 406 2797; x_wconf 86' lang='lat' dir='ltr'>enim</span> <span class='ocrx_word' id='word_1_227' title='bbox 425 2744 452 2796; x_wconf 98' lang='lat' dir='ltr'><strong><em>L</em></strong></span> <span class='ocrx_word' id='word_1_228' title='bbox 468 2747 472 2813; x_wconf 89' lang='grc' dir='ltr'>Ι</span> <span class='ocrx_word' id='word_1_229' title='bbox 488 2761 523 2796; x_wconf 92' lang='lat' dir='ltr'>m.</span> <span class='ocrx_word' id='word_1_230' title='bbox 540 2743 577 2797; x_wconf 91' lang='lat' dir='ltr'>sit</span> <span class='ocrx_word' id='word_1_231' title='bbox 595 2744 634 2797; x_wconf 86' lang='lat' dir='ltr'>ed.</span> <span class='ocrx_word' id='word_1_232' title='bbox 646 2761 690 2812; x_wconf 76' lang='lat' dir='ltr'>pr.</span> <span class='ocrx_word' id='word_1_233' title='bbox 710 2747 850 2798; x_wconf 91' lang='lat' dir='ltr'>memento</span> <span class='ocrx_word' id='word_1_234' title='bbox 869 2760 892 2798; x_wconf 88' lang='lat' dir='ltr'>e.</span> <span class='ocrx_word' id='word_1_235' title='bbox 911 2744 1056 2798; x_wconf 86' lang='lat' dir='ltr'>meliorem</span> <span class='ocrx_word' id='word_1_236' title='bbox 1075 2744 1169 2798; x_wconf 90' lang='lat' dir='ltr'>AFP</span> 
     </span>
     <span class='ocr_line' id='line_1_28' title="bbox 178 2814 1158 2885; baseline 0.003 -19"><span class='ocrx_word' id='word_1_237' title='bbox 178 2814 235 2882; x_wconf 88' lang='lat' dir='ltr'>atq.</span> <span class='ocrx_word' id='word_1_238' title='bbox 250 2817 289 2867; x_wconf 92' lang='lat' dir='ltr'>ut.</span> <span class='ocrx_word' id='word_1_239' title='bbox 305 2814 331 2867; x_wconf 90' lang='lat' dir='ltr'><strong><em>L</em></strong></span> <span class='ocrx_word' id='word_1_240' title='bbox 347 2815 418 2870; x_wconf 73' lang='lat' dir='ltr'>cair.</span> <span class='ocrx_word' id='word_1_241' title='bbox 433 2832 483 2870; x_wconf 79' lang='lat' dir='ltr'>cra.</span> <span class='ocrx_word' id='word_1_242' title='bbox 498 2816 569 2884; x_wconf 77' lang='lat' dir='ltr'>culp.</span> <span class='ocrx_word' id='word_1_243' title='bbox 594 2817 603 2884; x_wconf 80' lang='lat' dir='ltr'>ss</span> <span class='ocrx_word' id='word_1_244' title='bbox 627 2821 641 2868; x_wconf 79' lang='lat'><strong>7</strong></span> <span class='ocrx_word' id='word_1_245' title='bbox 660 2815 808 2869; x_wconf 86' lang='lat' dir='ltr'>maritimis</span> <span class='ocrx_word' id='word_1_246' title='bbox 827 2818 873 2885; x_wconf 84' lang='grc' dir='ltr'>ΡΙ</span> <span class='ocrx_word' id='word_1_247' title='bbox 889 2818 1002 2885; x_wconf 88' lang='lat' dir='ltr'>propter</span> <span class='ocrx_word' id='word_1_248' title='bbox 1020 2814 1059 2869; x_wconf 84' lang='lat' dir='ltr'>ed.</span> <span class='ocrx_word' id='word_1_249' title='bbox 1070 2833 1115 2884; x_wconf 83' lang='lat' dir='ltr'>pr.</span> <span class='ocrx_word' id='word_1_250' title='bbox 1130 2816 1158 2869; x_wconf 97' lang='lat' dir='ltr'><strong><em>A</em></strong></span> 
     </span>
     <span class='ocr_line' id='line_1_29' title="bbox 177 2886 1190 2956; baseline -0.001 -17"><span class='ocrx_word' id='word_1_251' title='bbox 177 2901 228 2939; x_wconf 79' lang='lat' dir='ltr'>orn.</span> <span class='ocrx_word' id='word_1_252' title='bbox 243 2887 271 2941; x_wconf 89' lang='lat' dir='ltr'><strong><em>P</em></strong></span> <span class='ocrx_word' id='word_1_253' title='bbox 293 2890 297 2956; x_wconf 71' lang='lat' dir='ltr'>l</span> <span class='ocrx_word' id='word_1_254' title='bbox 323 2903 396 2955; x_wconf 89' lang='lat' dir='ltr'>quae</span> <span class='ocrx_word' id='word_1_255' title='bbox 414 2887 442 2940; x_wconf 99' lang='lat' dir='ltr'><strong><em>A</em></strong></span> <span class='ocrx_word' id='word_1_256' title='bbox 464 2889 474 2955; x_wconf 81' lang='grc' dir='ltr'>ΙΙ</span> <span class='ocrx_word' id='word_1_257' title='bbox 496 2892 512 2940; x_wconf 89' lang='grc'>8</span> <span class='ocrx_word' id='word_1_258' title='bbox 533 2886 643 2940; x_wconf 82' lang='lat' dir='ltr'>solvat.</span> <span class='ocrx_word' id='word_1_259' title='bbox 660 2931 665 2940; x_wconf 92' lang='lat'><em>.</em></span> <span class='ocrx_word' id='word_1_260' title='bbox 681 2887 804 2941; x_wconf 85' lang='lat' dir='ltr'>deducat</span> <span class='ocrx_word' id='word_1_261' title='bbox 821 2887 848 2939; x_wconf 91' lang='lat' dir='ltr'><strong><em>L</em></strong></span> <span class='ocrx_word' id='word_1_262' title='bbox 873 2890 877 2955; x_wconf 87' lang='grc' dir='ltr'>Ι</span> <span class='ocrx_word' id='word_1_263' title='bbox 906 2887 1078 2954; x_wconf 90' lang='lat' dir='ltr'>humoremq.</span> <span class='ocrx_word' id='word_1_264' title='bbox 1094 2887 1133 2940; x_wconf 87' lang='lat' dir='ltr'>ed.</span> <span class='ocrx_word' id='word_1_265' title='bbox 1145 2903 1190 2954; x_wconf 82' lang='lat' dir='ltr'>pr.</span> 
     </span>
     <span class='ocr_line' id='line_1_30' title="bbox 177 2956 1197 3029; baseline -0.001 -19"><span class='ocrx_word' id='word_1_266' title='bbox 177 2956 241 3010; x_wconf 90' lang='lat' dir='ltr'>AF</span> <span class='ocrx_word' id='word_1_267' title='bbox 256 2960 260 3025; x_wconf 90' lang='grc' dir='ltr'>Ι</span> <span class='ocrx_word' id='word_1_268' title='bbox 276 2956 372 3011; x_wconf 87' lang='lat' dir='ltr'>educit</span> <span class='ocrx_word' id='word_1_269' title='bbox 389 2959 435 3026; x_wconf 90' lang='grc' dir='ltr'>ΡΙ</span> <span class='ocrx_word' id='word_1_270' title='bbox 452 2973 486 3011; x_wconf 87' lang='lat' dir='ltr'>ex</span> <span class='ocrx_word' id='word_1_271' title='bbox 505 2957 598 3012; x_wconf 90' lang='lat' dir='ltr'><strong><em>LFP</em></strong></span> <span class='ocrx_word' id='word_1_272' title='bbox 614 2957 699 3011; x_wconf 89' lang='lat' dir='ltr'>etiam</span> <span class='ocrx_word' id='word_1_273' title='bbox 718 2959 757 3012; x_wconf 85' lang='lat' dir='ltr'>ed.</span> <span class='ocrx_word' id='word_1_274' title='bbox 768 2975 813 3028; x_wconf 77' lang='lat' dir='ltr'>pr.</span> <span class='ocrx_word' id='word_1_275' title='bbox 829 2959 857 3012; x_wconf 90' lang='lat' dir='ltr'><strong><em>A</em></strong></span> <span class='ocrx_word' id='word_1_276' title='bbox 874 2959 883 3026; x_wconf 76' lang='grc' dir='ltr'>ΙΙ</span> <span class='ocrx_word' id='word_1_277' title='bbox 902 2963 917 3010; x_wconf 85' lang='grc'>9</span> <span class='ocrx_word' id='word_1_278' title='bbox 936 2958 1028 3013; x_wconf 91' lang='lat' dir='ltr'>totum</span> <span class='ocrx_word' id='word_1_279' title='bbox 1047 2975 1067 3010; x_wconf 89' lang='lat' dir='ltr'>s.</span> <span class='ocrx_word' id='word_1_280' title='bbox 1082 2957 1128 3029; x_wconf 82' lang='lat' dir='ltr'>P}</span> <span class='ocrx_word' id='word_1_281' title='bbox 1145 2967 1197 3010; x_wconf 80' lang='lat' dir='ltr'>ex-&#39;</span> 
     </span>
     <span class='ocr_line' id='line_1_31' title="bbox 176 3027 1191 3098; baseline 0.002 -18"><span class='ocrx_word' id='word_1_282' title='bbox 176 3027 238 3096; x_wconf 87' lang='lat' dir='ltr'>pies</span> <span class='ocrx_word' id='word_1_283' title='bbox 257 3028 284 3080; x_wconf 98' lang='lat' dir='ltr'><strong><em>L</em></strong></span> <span class='ocrx_word' id='word_1_284' title='bbox 302 3028 423 3097; x_wconf 80' lang='lat' dir='ltr'>accipies</span> <span class='ocrx_word' id='word_1_285' title='bbox 442 3030 503 3083; x_wconf 90' lang='lat' dir='ltr'><strong><em>AP</em></strong></span> <span class='ocrx_word' id='word_1_286' title='bbox 517 3030 526 3098; x_wconf 87' lang='grc' dir='ltr'>ΙΙ</span> <span class='ocrx_word' id='word_1_287' title='bbox 546 3034 579 3082; x_wconf 87' lang='grc'><strong>10</strong></span> <span class='ocrx_word' id='word_1_288' title='bbox 597 3029 831 3082; x_wconf 86' lang='lat' dir='ltr'>medicaminibus</span> <span class='ocrx_word' id='word_1_289' title='bbox 849 3030 889 3083; x_wconf 83' lang='lat' dir='ltr'>ed.</span> <span class='ocrx_word' id='word_1_290' title='bbox 899 3046 944 3098; x_wconf 77' lang='lat' dir='ltr'>pr.</span> <span class='ocrx_word' id='word_1_291' title='bbox 960 3031 969 3098; x_wconf 89' lang='grc' dir='ltr'>ΙΙ</span> <span class='ocrx_word' id='word_1_292' title='bbox 985 3035 1016 3083; x_wconf 95' lang='grc'>11</span> <span class='ocrx_word' id='word_1_293' title='bbox 1037 3031 1065 3082; x_wconf 90' lang='lat' dir='ltr'>et</span> <span class='ocrx_word' id='word_1_294' title='bbox 1083 3046 1124 3097; x_wconf 90' lang='lat' dir='ltr'>pr.</span> <span class='ocrx_word' id='word_1_295' title='bbox 1140 3030 1167 3082; x_wconf 94' lang='lat' dir='ltr'><strong><em>P</em></strong></span> <span class='ocrx_word' id='word_1_296' title='bbox 1182 3030 1191 3098; x_wconf 86' lang='grc' dir='ltr'>ΙΙ</span> 
     </span>
     <span class='ocr_line' id='line_1_32' title="bbox 179 3099 1199 3169; baseline 0 -18"><span class='ocrx_word' id='word_1_297' title='bbox 179 3105 211 3152; x_wconf 79' lang='lat'>12</span> <span class='ocrx_word' id='word_1_298' title='bbox 231 3115 345 3153; x_wconf 89' lang='lat' dir='ltr'>causam</span> <span class='ocrx_word' id='word_1_299' title='bbox 358 3100 386 3153; x_wconf 99' lang='lat' dir='ltr'><strong><em>A</em></strong></span> <span class='ocrx_word' id='word_1_300' title='bbox 399 3102 409 3169; x_wconf 72' lang='grc'><strong>11</strong></span> <span class='ocrx_word' id='word_1_301' title='bbox 424 3105 456 3153; x_wconf 84' lang='grc'><strong>13</strong></span> <span class='ocrx_word' id='word_1_302' title='bbox 474 3102 514 3155; x_wconf 83' lang='lat' dir='ltr'>sic</span> <span class='ocrx_word' id='word_1_303' title='bbox 528 3100 654 3156; x_wconf 90' lang='lat' dir='ltr'><strong><em>LAFP</em></strong></span> <span class='ocrx_word' id='word_1_304' title='bbox 668 3100 792 3154; x_wconf 72' lang='lat' dir='ltr'>natiueli</span> <span class='ocrx_word' id='word_1_305' title='bbox 811 3118 837 3167; x_wconf 87' lang='lat' dir='ltr'>q.</span> <span class='ocrx_word' id='word_1_306' title='bbox 851 3101 961 3154; x_wconf 86' lang='lat' dir='ltr'>ratione</span> <span class='ocrx_word' id='word_1_307' title='bbox 980 3102 1036 3168; x_wconf 91' lang='lat' dir='ltr'>atq.</span> <span class='ocrx_word' id='word_1_308' title='bbox 1055 3099 1199 3153; x_wconf 83' lang='lat' dir='ltr'>beneficio</span> 
     </span>
     <span class='ocr_line' id='line_1_33' title="bbox 176 3170 1191 3242; baseline 0.001 -20"><span class='ocrx_word' id='word_1_309' title='bbox 176 3173 209 3223; x_wconf 93' lang='lat' dir='ltr'>ut</span> <span class='ocrx_word' id='word_1_310' title='bbox 228 3170 343 3238; x_wconf 88' lang='lat' dir='ltr'>quidam</span> <span class='ocrx_word' id='word_1_311' title='bbox 361 3171 442 3224; x_wconf 89' lang='lat' dir='ltr'>aiunt</span> <span class='ocrx_word' id='word_1_312' title='bbox 460 3173 499 3225; x_wconf 88' lang='lat' dir='ltr'>ed.</span> <span class='ocrx_word' id='word_1_313' title='bbox 511 3189 556 3240; x_wconf 83' lang='lat' dir='ltr'>pr.</span> <span class='ocrx_word' id='word_1_314' title='bbox 584 3174 594 3240; x_wconf 74' lang='grc'><strong>11</strong></span> <span class='ocrx_word' id='word_1_315' title='bbox 623 3177 655 3225; x_wconf 82' lang='lat'>14</span> <span class='ocrx_word' id='word_1_316' title='bbox 674 3171 760 3226; x_wconf 85' lang='lat' dir='ltr'>fuerit</span> <span class='ocrx_word' id='word_1_317' title='bbox 778 3171 804 3223; x_wconf 93' lang='lat' dir='ltr'><strong><em>L</em></strong></span> <span class='ocrx_word' id='word_1_318' title='bbox 838 3174 842 3240; x_wconf 70' lang='grc'><strong>1</strong></span> <span class='ocrx_word' id='word_1_319' title='bbox 871 3170 1118 3241; x_wconf 85' lang='lat' dir='ltr'>languescentibus</span> <span class='ocrx_word' id='word_1_320' title='bbox 1137 3170 1163 3222; x_wconf 91' lang='lat' dir='ltr'><strong><em>L</em></strong></span> <span class='ocrx_word' id='word_1_321' title='bbox 1181 3170 1191 3242; x_wconf 67' lang='lat' dir='ltr'>ll</span> 
     </span>
     <span class='ocr_line' id='line_1_34' title="bbox 179 3241 1193 3313; baseline 0 -19"><span class='ocrx_word' id='word_1_322' title='bbox 179 3246 212 3295; x_wconf 83' lang='grc'><strong>16</strong></span> <span class='ocrx_word' id='word_1_323' title='bbox 232 3241 383 3295; x_wconf 87' lang='lat' dir='ltr'>curationis</span> <span class='ocrx_word' id='word_1_324' title='bbox 408 3243 561 3296; x_wconf 86' lang='lat' dir='ltr'>sollertiam</span> <span class='ocrx_word' id='word_1_325' title='bbox 585 3243 624 3296; x_wconf 85' lang='lat' dir='ltr'>ed.</span> <span class='ocrx_word' id='word_1_326' title='bbox 635 3260 680 3313; x_wconf 78' lang='lat' dir='ltr'>pr.</span> <span class='ocrx_word' id='word_1_327' title='bbox 713 3245 722 3312; x_wconf 80' lang='grc' dir='ltr'>Η</span> <span class='ocrx_word' id='word_1_328' title='bbox 756 3248 786 3296; x_wconf 81' lang='grc'>11</span> <span class='ocrx_word' id='word_1_329' title='bbox 807 3242 998 3311; x_wconf 82' lang='lat' dir='ltr'>producuntur</span> <span class='ocrx_word' id='word_1_330' title='bbox 1016 3243 1056 3297; x_wconf 84' lang='lat' dir='ltr'>ed.</span> <span class='ocrx_word' id='word_1_331' title='bbox 1073 3259 1116 3311; x_wconf 82' lang='lat' dir='ltr'>pr.</span> <span class='ocrx_word' id='word_1_332' title='bbox 1131 3242 1193 3295; x_wconf 93' lang='lat' dir='ltr'><strong><em>AP</em></strong></span> 
     </span>
     <span class='ocr_line' id='line_1_35' title="bbox 178 3312 1191 3384; baseline -0.002 -18"><span class='ocrx_word' id='word_1_333' title='bbox 178 3312 288 3382; x_wconf 75' lang='lat' dir='ltr'>(perd).</span> <span class='ocrx_word' id='word_1_334' title='bbox 307 3314 420 3367; x_wconf 78' lang='lat' dir='ltr'>-cantur</span> <span class='ocrx_word' id='word_1_335' title='bbox 438 3315 468 3368; x_wconf 89' lang='lat' dir='ltr'><strong><em>F</em></strong></span> <span class='ocrx_word' id='word_1_336' title='bbox 488 3318 497 3384; x_wconf 84' lang='grc' dir='ltr'>ΙΙ</span> <span class='ocrx_word' id='word_1_337' title='bbox 521 3320 554 3368; x_wconf 86' lang='grc'><strong>18</strong></span> <span class='ocrx_word' id='word_1_338' title='bbox 573 3314 671 3384; x_wconf 88' lang='lat' dir='ltr'>etiam]</span> <span class='ocrx_word' id='word_1_339' title='bbox 691 3317 720 3368; x_wconf 92' lang='lat' dir='ltr'>et</span> <span class='ocrx_word' id='word_1_340' title='bbox 738 3313 825 3367; x_wconf 84' lang='lat' dir='ltr'>Fcis</span> <span class='ocrx_word' id='word_1_341' title='bbox 844 3315 883 3368; x_wconf 85' lang='lat' dir='ltr'>ed.</span> <span class='ocrx_word' id='word_1_342' title='bbox 894 3332 938 3383; x_wconf 80' lang='lat' dir='ltr'>pr.</span> <span class='ocrx_word' id='word_1_343' title='bbox 965 3315 969 3384; x_wconf 87' lang='grc' dir='ltr'>Ι</span> <span class='ocrx_word' id='word_1_344' title='bbox 995 3313 1191 3382; x_wconf 86' lang='lat' dir='ltr'>dispumantur</span> 
     </span>
     <span class='ocr_line' id='line_1_36' title="bbox 177 3383 1187 3455; baseline -0.001 -17"><span class='ocrx_word' id='word_1_345' title='bbox 177 3383 237 3438; x_wconf 92' lang='lat' dir='ltr'>LP</span> <span class='ocrx_word' id='word_1_346' title='bbox 253 3384 439 3453; x_wconf 88' lang='lat' dir='ltr'>disponuntur</span> <span class='ocrx_word' id='word_1_347' title='bbox 458 3387 488 3440; x_wconf 89' lang='lat' dir='ltr'><strong><em>F</em></strong></span> <span class='ocrx_word' id='word_1_348' title='bbox 505 3385 729 3454; x_wconf 85' lang='lat' dir='ltr'>disprimentitur</span> <span class='ocrx_word' id='word_1_349' title='bbox 751 3402 845 3454; x_wconf 75' lang='lat' dir='ltr'>scarpo</span> <span class='ocrx_word' id='word_1_350' title='bbox 866 3385 901 3438; x_wconf 91' lang='lat' dir='ltr'>al.</span> <span class='ocrx_word' id='word_1_351' title='bbox 921 3385 1118 3452; x_wconf 87' lang='lat' dir='ltr'>dispumantur</span> <span class='ocrx_word' id='word_1_352' title='bbox 1136 3384 1164 3437; x_wconf 99' lang='lat' dir='ltr'><strong><em>A</em></strong></span> <span class='ocrx_word' id='word_1_353' title='bbox 1185 3385 1187 3455; x_wconf 70' lang='lat' dir='ltr'>l</span> 
     </span>
     <span class='ocr_line' id='line_1_37' title="bbox 177 3455 1190 3527; baseline -0.003 -19"><span class='ocrx_word' id='word_1_354' title='bbox 177 3455 264 3508; x_wconf 86' lang='lat' dir='ltr'>etiam</span> <span class='ocrx_word' id='word_1_355' title='bbox 278 3457 306 3510; x_wconf 99' lang='lat' dir='ltr'><strong><em>A</em></strong></span> <span class='ocrx_word' id='word_1_356' title='bbox 324 3456 363 3509; x_wconf 85' lang='lat' dir='ltr'>ed.</span> <span class='ocrx_word' id='word_1_357' title='bbox 374 3475 418 3525; x_wconf 82' lang='lat' dir='ltr'>pr.</span> <span class='ocrx_word' id='word_1_358' title='bbox 434 3460 443 3527; x_wconf 79' lang='grc' dir='ltr'>Η</span> <span class='ocrx_word' id='word_1_359' title='bbox 458 3462 490 3510; x_wconf 88' lang='grc'><strong>19</strong></span> <span class='ocrx_word' id='word_1_360' title='bbox 510 3457 597 3526; x_wconf 83' lang='lat' dir='ltr'>grado</span> <span class='ocrx_word' id='word_1_361' title='bbox 613 3456 761 3510; x_wconf 85' lang='lat' dir='ltr'>abentibus</span> <span class='ocrx_word' id='word_1_362' title='bbox 777 3456 873 3510; x_wconf 86' lang='lat' dir='ltr'>cannis</span> <span class='ocrx_word' id='word_1_363' title='bbox 887 3457 914 3508; x_wconf 90' lang='lat' dir='ltr'><strong><em>L</em></strong></span> <span class='ocrx_word' id='word_1_364' title='bbox 930 3460 934 3525; x_wconf 82' lang='grc' dir='ltr'>Ι</span> <span class='ocrx_word' id='word_1_365' title='bbox 951 3456 1028 3509; x_wconf 90' lang='lat' dir='ltr'>canis</span> <span class='ocrx_word' id='word_1_366' title='bbox 1043 3458 1087 3525; x_wconf 90' lang='grc' dir='ltr'>ΡΙ</span> <span class='ocrx_word' id='word_1_367' title='bbox 1104 3471 1190 3522; x_wconf 88' lang='lat' dir='ltr'>equos</span> 
     </span>
     <span class='ocr_line' id='line_1_38' title="bbox 176 3525 1193 3597; baseline -0.003 -16"><span class='ocrx_word' id='word_1_368' title='bbox 176 3527 303 3582; x_wconf 75' lang='lat' dir='ltr'>ctScba.</span> <span class='ocrx_word' id='word_1_369' title='bbox 322 3528 369 3582; x_wconf 87' lang='lat' dir='ltr'>sed</span> <span class='ocrx_word' id='word_1_370' title='bbox 386 3529 421 3594; x_wconf 76' lang='lat' dir='ltr'>cf.</span> <span class='ocrx_word' id='word_1_371' title='bbox 439 3529 556 3597; x_wconf 61' lang='lat' dir='ltr'>occup.</span> <span class='ocrx_word' id='word_1_372' title='bbox 577 3532 660 3595; x_wconf 85' lang='lat'><strong><em>7,17,</em></strong></span> <span class='ocrx_word' id='word_1_373' title='bbox 681 3528 884 3582; x_wconf 54' lang='lat' dir='ltr'>(desudati.</span> <span class='ocrx_word' id='word_1_374' title='bbox 917 3530 926 3596; x_wconf 79' lang='grc' dir='ltr'>Η</span> <span class='ocrx_word' id='word_1_375' title='bbox 959 3532 992 3579; x_wconf 78' lang='lat'>20</span> <span class='ocrx_word' id='word_1_376' title='bbox 1016 3527 1114 3580; x_wconf 88' lang='lat' dir='ltr'>eadem</span> <span class='ocrx_word' id='word_1_377' title='bbox 1133 3525 1193 3578; x_wconf 91' lang='lat' dir='ltr'>LP</span> 
     </span>
     <span class='ocr_line' id='line_1_39' title="bbox 177 3598 779 3672; baseline 0.003 -22"><span class='ocrx_word' id='word_1_378' title='bbox 177 3613 210 3651; x_wconf 90' lang='lat' dir='ltr'>ea</span> <span class='ocrx_word' id='word_1_379' title='bbox 229 3598 292 3653; x_wconf 90' lang='lat' dir='ltr'><strong><em>AF</em></strong></span> <span class='ocrx_word' id='word_1_380' title='bbox 308 3616 341 3653; x_wconf 89' lang='lat' dir='ltr'>eo</span> <span class='ocrx_word' id='word_1_381' title='bbox 359 3600 399 3654; x_wconf 83' lang='lat' dir='ltr'>ed.</span> <span class='ocrx_word' id='word_1_382' title='bbox 410 3617 455 3668; x_wconf 84' lang='lat' dir='ltr'>pr.</span> <span class='ocrx_word' id='word_1_383' title='bbox 474 3601 478 3672; x_wconf 81' lang='grc' dir='ltr'>Ι</span> <span class='ocrx_word' id='word_1_384' title='bbox 493 3598 665 3653; x_wconf 87' lang='lat' dir='ltr'>mollissimis</span> <span class='ocrx_word' id='word_1_385' title='bbox 684 3598 724 3652; x_wconf 83' lang='lat' dir='ltr'>ed.</span> <span class='ocrx_word' id='word_1_386' title='bbox 735 3617 779 3667; x_wconf 82' lang='lat' dir='ltr'>pr.</span> 
     </span>
    </p>
   </div>
   <div class='ocr_carea' id='block_1_5' title="bbox 0 0 1338 3920">
    <p class='ocr_par' dir='ltr' id='par_1_5' title="bbox 0 0 1338 3920">
     <span class='ocr_line' id='line_1_40' title="bbox 0 0 1338 3920; baseline 0 2"><span class='ocrx_word' id='word_1_387' title='bbox 0 0 1338 3920; x_wconf 95' lang='lat' dir='ltr'> </span> 
     </span>
    </p>
   </div>
  </div>
 </body>
</html>
