2682 3920
164 226 228 292 ros
601 221 737 278 vueuu

161 394 241 452 Hinc
264 393 343 452 enim
371 393 553 466 collisiones,
583 393 812 468 suppurationes
843 393 1089 466 apostemataque
1111 409 1179 451 nas·

163 485 283 556 cuntur,
313 501 380 540 oum
403 482 492 540 nimis
519 481 602 540 locus
624 479 777 556 inaequali
803 481 950 556 premitur
978 479 1108 555 pondere
1130 480 1180 538 vel

162 571 345 630 discindente
361 572 495 630 tractura
508 571 672 628 mercurius
687 571 740 629 aut
754 571 840 644 spina
855 569 1007 628 deteritur.
1043 569 1180 645 Ipsorum

163 679 280 736 quoque
298 660 472 736 ponderum,
496 659 615 717 etiamsi
637 659 791 717 instratis
813 658 898 716 nulla
916 659 957 716 sit
975 658 1072 734 eulpa,
1096 676 1180 716 enor-

162 751 253 807 mitas
275 751 375 822 nocet,
407 750 437 806 et
463 747 531 806 ideo
560 746 755 822 temperanda
785 756 830 806 est
858 765 1010 820 mensura,
1041 765 1078 806 ne
1102 748 1180 806 ferat
1208 765 1221 806 6
1320 737 1334 760 ”

162 838 279 896 vulnus.
658 887 659 890 ,

360 953 432 1019 LX.
456 951 507 1019 De
529 955 620 1018 dorso
643 955 780 1018 eeucado
802 955 870 1018 iam
893 953 983 1019 laeso.

64 1095 216 1138 mensum.
264 1083 377 1154 Quodsi
399 1083 520 1144 dorsum
538 1083 667 1144 sedentis
687 1083 799 1144 iniuria
821 1086 935 1142 tumere
957 1084 1019 1142 iam
1042 1081 1181 1158 coeperit,

163 1175 196 1232 in
227 1175 339 1233 recenti
368 1174 471 1232 statim
500 1173 661 1233 mellonem
694 1191 845 1248 ceparum,
876 1173 895 1229 i.
926 1171 1056 1232 calamos
1088 1172 1180 1230 616666
1223 1213 1225 1218 -

71 1275 72 1278 ’
163 1261 241 1322 unde
269 1262 363 1321 fasces
396 1261 576 1336 dependent,
605 1263 638 1320 in
668 1279 777 1337 equum
806 1261 1057 1320 ferventissimam
1084 1261 1180 1318 mittis
1195 1279 1222 1318 ro

164 1354 195 1409 61
213 1349 399 1425 aliquamdiu
417 1352 599 1409 maceratum
617 1348 747 1408 calidum
765 1367 855 1424 super
873 1353 1019 1409 tumorem
1037 1349 1181 1424 impones,

164 1441 259 1499 fascia
282 1440 466 1517 constringes
495 1440 545 1497 vel
567 1439 733 1498 cordiscum
760 1439 996 1514 superimpones,
1025 1455 1086 1494 una
1109 1455 1182 1512 quo·

165 1547 222 1605 que
255 1529 342 1586 66616
371 1545 491 1585 manere
520 1528 657 1603 patieris:
689 1526 801 1602 absque
833 1528 1047 1603 suppuratione
1077 1526 1181 1602 palpa-

130 1616 247 1676 2bitur
269 1618 375 1674 tumor.
423 1615 534 1684 Quodsi
557 1616 676 1674 clavum
699 1616 812 1688 fecerit,
835 1615 965 1674 farinam
987 1614 1179 1673 hordeaceam

165 1723 233 1762 cum
256 1705 338 1764 foliis
362 1704 493 1762 caulium
517 1703 674 1763 oontvmdis
696 1705 811 1778 pariter
834 1705 864 1763 et
886 1704 1020 1779 tepidam
1038 1703 1222 1778 impensare

165 1791 301 1852 Cinaram
328 1810 447 1867 quoque
475 1810 543 1850 cum
569 1792 634 1851 oleo
661 1791 798 1852 miscebis
825 1795 855 1851 et
882 1791 1012 1867 inducis,
1038 1791 1181 1866 quamdiu

55 1913 56 1916 ¹
165 1882 269 1941 clavus
288 1879 389 1940 cadat:
413 1899 480 1939 eum
498 1881 646 1954 ceordaic„
668 1880 767 1957 lipara
785 1883 869 1940 utere
888 1899 956 1939 oum
973 1881 1182 1939 minutissimis

164 1971 272 2048 pannis
286 1969 335 2027 vel
348 1968 436 2028 melle
451 1989 519 2028 oum
534 1969 676 2029 linteolis.
706 1968 781 2028 (lum
799 1971 883 2030 ulcus
897 1969 1084 2048 purgaveris,
1102 1969 1181 2044 lycio

164 2057 345 2136 percurabis.

217 2230 312 2294 LXI.
336 2229 374 2295 Si
390 2230 615 2313 palrawaulus
636 2231 835 2296 6666116616
856 2231 946 2296 dorso
970 2229 1128 2295 animatis.
1195 2253 1222 2294 ao

67 2370 218 2413 1116166116
265 2359 298 2418 Si
311 2361 521 2435 pulmunoulus
535 2361 624 2419 natus
639 2360 777 2418 fueritin
798 2359 895 2434 dorso,
910 2357 1032 2418 difficile
1051 2361 1096 2418 est
1115 2377 1182 2417 eum

166 2448 450 2507 medicamentorum
465 2450 653 2525 appositione
667 2449 780 2508 siccari.
813 2446 871 2506 Sed
885 2447 910 2505 si
924 2447 1067 2525 parvulus
1082 2448 1182 2521 fuerit,

239 2605 255 2651 8
273 2597 332 2652 Pel.
348 2615 370 2652 6.
388 2603 438 2652 168
458 2598 661 2669 61166166.
754 2605 787 2653 14
805 2599 901 2654 Ρ61.6.
919 2604 978 2653 169.
1071 2603 1104 2652 16
1123 2597 1181 2652 Ρ61.

167 2687 189 2724 6.
207 2674 266 2723 181.
342 2674 374 2722 21
394 2669 642 2724 Ρ61.6.181.111.

239 2817 253 2864 1
274 2810 349 2864 enim
368 2826 418 2865 om.
433 2811 462 2865 P
491 2813 495 2880 Ι
527 2811 729 2880 suspirationes
743 2814 771 2867 A
790 2810 1003 2880 suppetationes
1022 2812 1181 2879 apostateq.

166 2883 195 2937 P
206 2884 245 2952 116
265 2881 334 2936 16616
352 2881 550 2950 inaequalibus
566 2883 606 2938 ed.
618 2901 662 2952 pr.
682 2883 760 2938 locus
778 2881 936 2952 inaequalis
951 2883 1012 2937 AP
1032 2882 1036 2954 Ι
1058 2881 1182 2951 pondere

167 2969 217 3008 om.
234 2954 295 3008 AP
333 2956 342 3022 ΙΙ
379 2953 604 3008 3disoindentes
627 2957 752 3008 tractura
775 2955 805 3007 in
829 2953 919 3007 curvis
938 2953 967 3007 P
987 2952 1182 3006 discendentes

166 3027 352 3079 1666161666
365 3027 436 3080 mA
447 3024 586 3080 discentes
595 3027 749 3080 tracturam
760 3044 796 3079 m.
805 3025 893 3093 edpr.
902 3024 1050 3079 indecente
1060 3026 1183 3078 amatura

168 3095 724 3164 Oocr.Gesrc.lt4pondereed.pr.lin
744 3095 944 3166 stantisAttb
963 3094 1181 3162 insereretur.

239 3171 255 3218 9
274 3165 304 3218 in
323 3165 434 3220 cedenti
453 3167 481 3219 A
503 3169 507 3235 Ι
529 3165 657 3220 calumos
675 3169 736 3221 ΑΡ
748 3169 756 3234 Ι]
772 3173 805 3220 10
823 3166 979 3235 rependent
997 3167 1058 3221 AP
1072 3169 1076 3235 Ι
1091 3165 1183 3220 mittis

166 3253 217 3291 om.
233 3237 260 3290 A
291 3238 301 3305 lt
333 3241 365 3290 11
386 3236 505 3304 apponis
524 3238 585 3292 AP
614 3240 623 3306 ΙΙ
656 3243 689 3291 12
707 3253 877 3306 unaquaque
896 3238 957 3292 AP
981 3239 990 3305 ΙΙ
1019 3243 1052 3290 16
1071 3236 1183 3305 petiens

167 3308 195 3361 A
225 3309 228 3375 Ι
263 3307 291 3358 61
309 3306 432 3374 abqu
456 3309 465 3375 ΙΙ
495 3312 527 3360 16
546 3308 628 3376 ponis
647 3310 707 3362 AP
732 3311 741 3377 tt
772 3313 804 3362 16
825 3307 875 3360 diu
892 3308 986 3362 ora.A
1013 3310 1022 3376 ΙΙ
1050 3313 1083 3361 11
1103 3307 1184 3375 lippa

167 3377 228 3431 AP
253 3377 277 3498 b
297 3381 330 3500 13
349 3376 405 3430 mel
424 3378 520 3446 66166.
540 3377 624 3432 malle
643 3395 707 3432 cunr
725 3395 775 3432 om.
791 3379 819 3432 A
848 3381 852 3447 Ι
883 3377 1022 3432 curaveris
1041 3377 1102 3432 AP
1117 3394 1184 3446 pur-

167 3461 263 3516 66666
295 3463 334 3500 6.
346 3463 391 3516 pr.
567 3459 569 3463 ’

239 3521 272 3568 21
292 3515 322 3570 16
341 3516 433 3571 derra
449 3518 509 3576 AP
532 3519 537 3588 1
562 3518 637 3588 eum]
657 3535 721 3572 cum
739 3518 801 3572 ΑΡ
820 3521 830 3587 ΙΙ
853 3523 886 3571 62
905 3533 1002 3572 curare
1021 3517 1065 3572 vel
1084 3517 1190 3578 siccari,

167 3587 213 3656 ΡΙ
230 3584 316 3640 fuerit
334 3603 384 3641 om.
399 3587 460 3641 AP
