2668 3920
542 223 584 278 De
604 221 772 277 auctoribus.
1064 219 1168 275 XXVII

218 391 322 468 Neque
345 393 498 469 ingratum
519 391 582 449 fore
610 394 685 468 puto
713 391 794 466 quod
821 390 955 450 ordinem
982 391 1167 466 formamque

152 480 296 540 librorum
314 479 393 540 etin
413 479 592 544 editionibus
612 481 642 540 et
659 481 691 538 in
705 479 855 540 oodieibus
874 482 1023 539 servatam
1037 478 1168 546 breviter

153 569 280 629 eontulit

407 933 539 988 ise-os
602 934 629 988 11
684 891 930 1041 lffipraefJ-IV
985 933 1069 987 niu

709 1093 749 1147 111
762 1092 850 1163 prees.
866 1093 916 1148 o.I
994 1093 1033 1147 111
1047 1099 1133 1147 2-86
1195 1047 1248 1146 ᾖ-

949 1164 976 1218 Π
990 1170 1023 1220 65
1037 1164 1077 1218 ΙΠ
1090 1168 1178 1218 2-85
1202 1163 1241 1218 [V

71 1326 148 1400 ms).
163 1325 251 1380 PMV
271 1325 284 1378 1
300 1330 386 1381 1-ss
404 1325 538 1380 les-si
552 1324 577 1378 Π
591 1293 686 1394 1-6ῡῖ

219 1475 456 1537 Consentaneum
486 1479 531 1536 est
560 1475 686 1536 anobis
716 1475 839 1534 retineri
867 1475 945 1534 huno
973 1474 1108 1534 ordinem
1137 1477 1168 1534 et

151 1567 245 1643 ipsius
268 1565 377 1644 Vegeti
406 1565 503 1625 verbis
531 1564 691 1642 probatum
718 1568 749 1623 et
776 1563 897 1641 optimis
925 1562 1075 1623 codicibus
1107 1581 1166 1623 ser-

150 1657 269 1715 vatum:
291 1657 389 1714 totum
410 1656 506 1732 igitur
528 1673 602 1731 opus
625 1653 729 1713 damus
752 1651 848 1713 tribus
873 1652 958 1713 libris
981 1652 1167 1730 discriptum,

153 1744 260 1819 quibus
284 1745 454 1804 annectitur
472 1745 596 1818 quartus
614 1743 651 1802 de
676 1743 754 1801 euris
771 1742 863 1802 boum
880 1741 965 1816 liber,
983 1743 1113 1802 numeris
1136 1745 1168 1801 et

150 1831 275 1892 Gesneri
304 1835 335 1892 et
358 1831 530 1892 Schneideri
557 1831 723 1908 adseriptis.
765 1829 850 1899 Quod
879 1829 995 1908 Gargiii
1017 1831 1167 1891 Martialis

152 1921 188 1980 de
203 1922 281 1982 euris
294 1920 385 1981 boum
398 1921 534 1987 libellum
552 1920 753 1997 repetivimus,
772 1921 823 1980 vix
836 1921 881 1980 eat
896 1921 948 1996 qui
961 1920 1166 1998 reprehendat.

217 2080 272 2140 111.
295 2081 361 2140 Iam
378 2099 449 2140 vero
468 2098 486 2138 s
505 2078 655 2140 oodioibus
673 2078 782 2158 Vegeti
801 2079 956 2156 adipsum
975 2079 1167 2139 aseendsmus

151 2171 187 2228 ut
201 2188 291 2246 quam
304 2171 468 2247 poterimus
482 2169 710 2247 diligentissime
729 2170 940 2241 examinemus,
961 2168 1033 2243 quid
1046 2168 1168 2226 tandem

132 2291 134 2296 ·
150 2260 185 2318 in
206 2277 239 2318 re
257 2277 348 2334 quam
365 2260 429 2335 ipse
449 2259 632 2336 gravissimis
651 2256 749 2316 verbis
768 2275 828 2314 non
846 2256 937 2316 semel
955 2255 1060 2315 landet
1078 2258 1168 2331 atque

152 2347 339 2407 commendat
352 2347 550 2423 praestiterit:
564 2347 620 2404 hoo
638 2346 720 2404 enim
736 2345 937 2420 quaerendum
955 2346 1021 2418 erit,
1038 2345 1168 2404 fueritne

151 2438 216 2513 ipse
231 2437 304 2496 artis
318 2455 409 2511 quam
423 2434 526 2496 scribit
543 2435 657 2511 peritus
672 2453 711 2492 an
729 2434 828 2493 aliena
843 2453 898 2510 pro
912 2435 973 2493 suis
992 2432 1167 2494 vendiderit

218 2524 264 2584 Ao
285 2526 416 2603 primum
438 2524 559 2600 quidem
584 2523 670 2600 qnid
696 2524 774 2599 ipse
796 2522 836 2582 de
859 2521 1023 2582 fontibus
1045 2522 1167 2599 prodi-

151 2613 248 2678 derit
266 2631 484 2691 oomponamns.
521 2613 590 2672 Non
608 2611 777 2672 dissimulat
798 2629 830 2671 se
850 2610 937 2690 plura
955 2612 1024 2672 aliis
1043 2613 1168 2688 ser-ipto-

151 2702 233 2762 ribus
256 2701 370 2762 debere.
411 2702 528 2780 Magnis
548 2701 601 2760 ille
623 2699 721 2761 verbis
743 2702 777 2760 in
799 2702 984 2777 praefatione
1007 2704 1167 2777 postquam

152 2793 290 2867 exposuit
307 2809 356 2851 eos
375 2792 429 2866 qui
448 2793 516 2850 ante
534 2809 565 2851 se
584 2790 620 2849 de
643 2789 747 2848 eadem
768 2791 1006 2867 rescripsissent
1027 2809 1087 2849 non
1110 2787 1168 2848 sibi

151 2880 338 2954 satisfacere,
360 2881 460 2957 pergit
481 2879 524 2939 sio
547 2873 581 2958 [ξ
602 2872 650 2958 6]:
673 2879 732 2938 His
756 2879 911 2938 sitatibus
936 2879 1100 2938 rationibus
1122 2881 1168 2938 in-

151 2971 259 3028 oitoius
275 3014 280 3025 .
296 3013 303 3027 .
317 2970 392 3028 tario
415 2985 534 3043 operum
554 2984 615 3026 noo
636 2969 746 3026 iooiioe
772 2969 890 3042 arripui
911 2971 945 3026 ot
966 2967 1113 3027 meotis
1134 2968 1168 3026 in

150 3075 245 3116 aaron
262 3057 382 3116 Latinis
401 3057 553 3116 warmunt
570 3057 736 3116 amoribus
754 3057 908 3124 uoiomsis,
924 3055 1062 3116 adhibitis
1081 3058 1168 3115 etiam

149 3146 349 3206 malonidiois
372 3149 399 3205 et
419 3146 537 3205 modieis
559 3162 619 3204 ooo
645 3146 759 3204 moissi
775 3189 782 3202 .
797 3190 803 3202 .
819 3189 825 3201 .
840 3146 873 3204 in
897 3148 1039 3219 quantam
1061 3145 1167 3204 medio-

151 3236 241 3296 oritoe
270 3236 381 3310 inperii
409 3237 526 3309 patior
549 3235 636 3308 plone
670 3251 705 3294 oo
734 3234 856 3294 breviter
889 3235 989 3292 oraria
1018 3233 1168 3292 enucleato

151 3315 345 3404 differeremff)
391 3323 475 3382 Idem
501 3341 562 3382 non
589 3323 680 3382 semel
706 3321 816 3398 repetit
838 3339 901 3382 sese
925 3321 1048 3396 multos,
1075 3321 1166 3379 immo

227 3459 251 3527 1)
269 3457 301 3510 In
315 3458 438 3511 mentem
451 3455 528 3510 venit
541 3454 680 3525 praefatio
697 3453 842 3522 Macrobii,
860 3452 981 3508 hominis
996 3456 1025 3508 et
1039 3453 1167 3507 doctrina

150 3530 182 3583 et
194 3527 308 3598 ingenio
322 3526 442 3598 Vegetio
456 3525 568 3582 similis:
584 3529 636 3580 sat.
651 3524 740 3595 praef.
754 3531 770 3591 ς
784 3531 813 3579 3:
827 3541 876 3580 neo
889 3525 1021 3595 indigeste
1035 3532 1167 3592 anquam

151 3601 184 3653 io
201 3616 325 3654 ormnem
343 3600 522 3670 moyerem
540 3599 627 3668 diyoo
644 3603 793 3652 numeratu
811 3597 864 3650 eto.
884 3593 919 3649 of.
935 3599 951 3659 ς
966 3601 990 3648 6.
1006 3599 1030 3647 ’1.
