2682 3920
621 239 757 295 VEGETI

396 491 530 557 XLIII.
553 493 604 558 Dc
626 493 831 558 destillatione
853 494 984 558 oroma

88 635 125 674 111
133 633 235 674 isaeus.
281 622 314 681 Si
336 624 435 681 cervix
459 622 692 682 destillationem
713 625 861 699 patiatur,
884 623 1028 681 tumidior
1050 621 1201 680 videbitur

182 730 273 788 quam
295 713 426 786 oportet,
455 711 580 771 fetorem
602 711 726 770 habebit
748 713 965 773 canceratioum
988 730 1056 769 oum
1077 710 1200 769 humore

182 801 268 878 nigro
298 802 329 858 et
350 800 474 876 liquido.
524 787 615 860 Cuius
643 800 792 861 foramina
823 800 1002 860 scrutaberis
1033 799 1200 876 diligenter,

182 908 219 948 ne
237 890 363 948 ulterius
381 891 461 947 inter
479 907 584 948 nervos
604 892 657 948 aut
674 908 773 949 armos
788 891 886 948 sinum
905 889 1068 948 destillatio
1087 887 1199 946 fecerit.
1228 908 1241 946 u

183 978 313 1048 Quodsi
335 977 453 1050 accidit,
476 996 572 1054 pauca
594 977 664 1036 hinc
683 977 843 1037 difficulter
868 978 1007 1036 evadunt.
1053 977 1132 1035 Nam
1153 976 1200 1035 his

184 1068 277 1145 signis
295 1066 455 1126 discrimen
474 1066 654 1125 ostenditur:
678 1067 785 1126 stridet
803 1068 839 1125 de
857 1069 977 1142 pectore
995 1068 1026 1125 et
1044 1083 1097 1141 per
1114 1083 1200 1123 nares

149 1156 337 1216 ihumorem
350 1155 498 1230 liquidum
515 1157 634 1230 proicit.
665 1155 730 1214 Hac
744 1157 860 1215 ratione
879 1155 1004 1214 curabis
1041 1154 1202 1215 Foramina

183 1244 309 1319 desuper
331 1243 482 1302 marrubio
513 1247 544 1302 et
566 1245 627 1303 sale
656 1246 771 1319 pariter
798 1247 921 1305 contuso
950 1242 1089 1322 implebis
1112 1244 1201 1318 atque

184 1332 324 1406 calcabis,
347 1332 449 1392 subter
474 1335 573 1392 autem
597 1333 811 1407 cataplasmate
838 1333 974 1408 apposito
997 1331 1120 1390 laxabis.
1160 1331 1243 1390 Etru

183 1424 210 1481 si
239 1422 298 1481 loci
327 1422 461 1481 condicio
491 1423 636 1497 patietur,
669 1421 816 1480 diaeresin
845 1422 943 1495 dabis,
975 1423 1010 1479 ut
1039 1421 1119 1480 foras
1149 1438 1202 1495 per

182 1511 305 1589 plagam
334 1511 441 1569 humor
471 1513 596 1569 emanet
641 1511 741 1569 Tertio
770 1529 887 1586 quoque
917 1510 965 1568 die
988 1509 1086 1569 calida
1115 1511 1203 1566 urina

183 1599 314 1672 lavabis,
345 1599 452 1657 deinde
481 1600 661 1658 truumatioo
694 1602 724 1657 et
754 1601 862 1674 pannis
894 1599 982 1656 lineis
1013 1597 1141 1674 limpida
1172 1600 1202 1654 et

185 1688 331 1763 depurata
360 1687 485 1745 vulnera
515 1705 618 1745 curare
643 1689 782 1763 incipies,
812 1689 896 1746 cuius
926 1688 1102 1762 compositio
1131 1683 1202 1744 talis

186 1778 243 1834 est:
267 1777 330 1834 ervi
348 1776 472 1850 pollinis
491 1778 572 1848 sext,
595 1777 649 1834 iris
667 1775 807 1852 Illyricae
831 1795 896 1835 unc.
915 1776 956 1851 H,
977 1777 1054 1834 turis
1077 1775 1203 1834 masculi
1218 1792 1244 1833 rs
1333 1837 1335 1854 ,

185 1882 251 1922 unc.
270 1863 301 1922 H
323 1863 461 1922 miscebis
487 1867 518 1922 et
540 1864 632 1923 facies
655 1865 840 1940 cephalicum
863 1865 1120 1938 medicamentum,
1143 1881 1202 1938 quo

185 1954 279 2012 uteris
303 1952 342 2011 ad
364 1953 648 2012 consummationem
671 1952 812 2013 medelae.

371 2159 496 2226 XLIV.
519 2159 570 2225 De
592 2160 791 2226 dissolutione
812 2160 1020 2242 scopulorum.

93 2300 239 2346 muschu-
286 2289 398 2360 Quodsi
415 2291 549 2348 iumento
567 2291 707 2365 scapulae
725 2289 838 2349 fuerint
855 2289 1027 2362 dissolutae,
1046 2289 1204 2366 diligenter

186 2380 336 2454 inspicies,
348 2395 395 2436 ‘ne
415 2397 488 2454 quas
507 2380 586 2436 inter
604 2396 710 2438 nervos
730 2382 782 2437 aut
801 2380 1009 2438 commissuras
1028 2377 1202 2455 pendigines
1218 2396 1245 2435 ro
1323 2453 1334 2462 Η

187 2467 304 2538 fecerit,
327 2485 402 2543 quas
424 2469 451 2526 si
469 2469 628 2541 inveneris,
651 2486 686 2526 ex
705 2485 881 2543 quacunque
899 2469 984 2543 parte
1002 2467 1108 2543 plagas
1128 2467 1203 2524 acci·

259 2658 275 2705 o
295 2651 369 2706 onir.
385 2669 407 2706 c.
423 2657 484 2705 uro:
505 2621 507 2628 ⁴
557 2657 573 2706 s
593 2651 666 2706 cun.
682 2669 704 2706 ο.
721 2659 781 2707 571.
856 2659 888 2707 19
908 2651 981 2707 cuir.
997 2668 1019 2706 c.
1036 2656 1095 2705 err.

261 2836 284 2883 1.
300 2835 316 2882 2
336 2829 522 2883 distillatione
535 2832 583 2885 out
602 2873 607 2884 .
622 2832 661 2899 113
676 2830 703 2884 h.
719 2845 805 2884 causa
818 2829 971 2884 oemtieum
984 2830 1012 2883 A
1026 2830 1065 2897 [14
1080 2831 1205 2882 somme

189 2904 217 2956 P
228 2903 267 2970 t5
287 2903 337 2954 aut
355 2917 446 2954 armos
461 2900 499 2954 sit
516 2901 582 2954 diet'
608 2902 666 2956 atio
681 2903 710 2956 P
725 2903 776 2955 aut
789 2901 961 2956 amorsinum
975 2899 1124 2954 distillatio
1142 2897 1162 2952 f.
1177 2900 1205 2953 A

189 2974 240 3026 aut
258 2972 452 3026 annorsimum
471 2971 687 3026 distillationem
705 2971 724 3026 f.
739 2973 780 3026 cd.
791 2990 837 3043 pr.
851 2975 890 3042 116
909 2987 1003 3042 pauca
1020 2988 1117 3026 oureus
1136 2971 1205 3024 toci-

184 3045 231 3112 pit
244 3043 279 3112 L,
293 3061 317 3098 o.
329 3061 358 3112 p.
374 3047 435 3110 134,
450 3048 467 3098 4
482 3045 487 3112 Ι
503 3042 569 3096 huic
588 3045 617 3098 P
632 3061 682 3098 om.
698 3043 725 3096 L
747 3045 756 3111 t
783 3043 899 3097 ldiecr.
918 3060 968 3098 om.
984 3044 1011 3097 L
1036 3047 1040 3112 Ι
1064 3041 1094 3094 in
1112 3059 1140 3110 p.
1155 3040 1203 3112 Pl

182 3129 285 3170 narem
304 3114 331 3167 L
353 3116 363 3183 ΙΙ
385 3114 562 3169 Shumorem
580 3131 631 3170 ora.
646 3116 674 3169 A
696 3120 705 3184 ss
728 3120 744 3167 9
764 3115 886 3184 desupra
904 3114 931 3167 L
953 3118 962 3182 ΙΙ
987 3120 1020 3167 10
1039 3113 1138 3166 subtus
1158 3113 1186 3166 P
1197 3111 1206 3183 tt

191 3190 223 3238 11
242 3187 388 3252 pateretur
401 3187 462 3240 AP
473 3185 582 3254 patitur
595 3185 623 3238 L
635 3188 644 3254 ΙΙ
659 3191 692 3239 12
708 3185 754 3239 die
771 3185 865 3240 calida
878 3202 929 3240 om.
945 3187 973 3239 A
986 3187 995 3254 ΙΙ
1011 3190 1043 3238 13
1059 3183 1161 3238 deinde
1171 3202 1205 3222 —·

191 3261 223 3308 17
243 3256 369 3310 medelae
388 3273 438 3311 om.
459 3258 487 3311 P
515 3259 525 3326 t
558 3262 590 3310 14
614 3257 773 3326 depurgata
791 3256 818 3309 L
835 3257 938 3325 parata
958 3257 1017 3310 iam
1035 3256 1075 3310 ed.
1090 3271 1136 3324 pr.
1151 3254 1179 3307 A
1200 3254 1203 3324 1

190 3341 290 3379 sanare
303 3327 342 3380 cd.
354 3330 424 3451 pri}
445 3332 478 3380 15
496 3326 578 3381 herbi
591 3327 727 3397 pollinem
741 3327 801 3381 LA
815 3330 883 3397 (-ne)
897 3329 907 3397 ΙΙ
921 3333 955 3380 16
968 3326 1101 3380 saliacum
1118 3324 1206 3379 medi-

190 3412 288 3451 camen
307 3397 382 3464 quod
437 3401 493 3467 1112
514 3399 756 3468 consumptionem
774 3400 813 3453 cd.
825 3414 870 3467 pr.
885 3399 913 3451 A

263 3471 296 3520 18
315 3483 338 3520 o.
352 3466 440 3520 XLIV
458 3485 508 3523 om.
524 3471 552 3523 A
573 3471 583 3537 ΙΙ
607 3475 641 3522 20
659 3469 794 3538 inspicias
813 3469 853 3523 ed.
868 3485 909 3538 pr.
940 3469 944 3537 Ι
970 3468 994 3521 si
1012 3485 1049 3522 nc
1067 3467 1094 3520 L
1123 3471 1127 3535 Ι
1157 3468 1208 3519 aut

185 3538 218 3591 L
233 3537 306 3592 ebir.
326 3539 354 3591 et
372 3539 443 3609 culp.
466 3542 476 3608 t
500 3544 532 3592 21
551 3539 641 3593 faciat
658 3539 698 3593 ed.
709 3557 754 3609 pr.
779 3541 783 3611 Ι
806 3539 882 3607 quod
900 3539 924 3592 si
942 3540 982 3594 ed.
996 3552 1038 3607 pr.
1068 3539 1073 3608 Ι
1103 3553 1137 3592 ex
1155 3553 1207 3591 orn.

191 3607 230 3662 cd.
243 3624 286 3676 pr.
304 3610 308 3676 Ι
325 3608 469 3676 accipiunt
487 3611 515 3662 P
532 3625 556 3662 a.
575 3609 700 3677 potuerit
717 3611 744 3664 L
