2684 3926
172 263 239 346 244
583 329 585 334 ,
616 262 751 334 vuonri

171 432 246 493 bene
268 434 375 492 tritum
398 451 466 491 cum
489 433 554 492 oleo
577 434 755 509 permiscere
777 436 809 492 et
830 431 980 509 liquidum
1000 449 1034 520 ao
1056 431 1193 518 tepidum

172 522 332 582 defundere
345 540 399 597 per
409 524 518 598 lauces,
532 519 678 598 tanquam
691 519 849 599 physicum
858 524 889 581 et
902 523 1033 582 salutare
1043 521 1193 580 landatur.

567 821 712 894 LIBER
731 821 796 899 HI.

382 935 384 939 ⁵
444 1007 447 1012 ·
552 981 818 1044 Paonocvs

240 1108 387 1169 Solemnis
407 1111 557 1168 excusatio
576 1109 793 1187 negligentium
812 1112 857 1168 est
876 1108 1039 1184 dispendia
1053 1126 1088 1166 ex
1107 1107 1193 1167 dissi-
1223 1127 1235 1167 o

173 1200 338 1258 mulatione
356 1199 508 1257 venientia
527 1197 582 1257 deo
600 1200 750 1273 imputare
768 1199 817 1258 vel
836 1198 965 1257 casibus:
989 1199 1087 1256 minus
1110 1215 1194 1256 nam·

173 1306 231 1363 que
257 1305 380 1364 peccare
408 1306 438 1348 se
466 1287 562 1346 credit
588 1289 724 1365 ignavia,
754 1289 781 1346 si
808 1287 853 1362 id,
876 1287 956 1362 quod
983 1287 1077 1363 ipsius
1106 1286 1195 1362 culpa

140 1375 296 1452 laccidit,
325 1376 364 1434 ad
389 1379 566 1452 potestatem
595 1376 722 1452 incipiat
750 1376 863 1436 deleme
893 1377 1039 1435 fortunae.
1086 1374 1135 1434 sio
1158 1374 1194 1433 de

174 1465 399 1544 aegrotantibus
432 1465 542 1523 dicitu
573 1467 732 1524 morituros
769 1466 883 1525 frustra
915 1465 1026 1540 curari,
1062 1465 1194 1525 victuros

175 1557 267 1613 etiam
289 1556 316 1613 si
333 1554 482 1613 medicina
506 1555 600 1614 cesset
621 1571 771 1613 evasuros
819 1553 874 1613 Oui
892 1553 1099 1630 disputationi,
1123 1555 1194 1629 qnia
1210 1575 1237 1614 ro

174 1662 234 1702 non
257 1643 354 1702 solum
377 1645 457 1702 iners
481 1643 533 1701 sed
556 1643 649 1701 etiam
668 1643 763 1718 impia
786 1647 839 1719 est,
861 1663 923 1703 non
945 1643 1073 1702 libenter
1096 1660 1195 1701 assen-

139 1733 271 1792 3serim.
316 1732 398 1790 Malo
428 1734 508 1790 enim
536 1732 614 1790 nihil
643 1732 832 1807 inexpertum
862 1733 1007 1808 relinqui,
1038 1751 1141 1806 quam,
1169 1732 1196 1790 si

175 1821 248 1897 quid
275 1821 456 1880 calamitatis
484 1822 628 1888 evenerit,
660 1822 806 1879 avaritiae
834 1821 883 1880 vel
907 1820 1195 1881 dissimulationibus

174 1910 327 1987 imputari.
374 1907 432 1968 Sed
454 1909 581 1969 fortasse
612 1909 775 1985 aliquando
802 1929 873 1969 vera
900 1911 955 1969 illa
981 1910 1141 1969 videantur
1162 1911 1195 1967 in

174 2000 307 2074 homine,
338 2001 391 2074 qui
421 1998 524 2058 divina
553 1999 743 2074 providentia
774 2018 808 2058 ac
838 1999 1033 2075 dispositione
1063 2000 1195 2058 fatorum
1210 2019 1236 2059 ιε

140 2088 306 2148 deraditur
327 2087 400 2164 regi.
445 2087 600 2146 Animalia
623 2107 703 2162 vero,
730 2106 798 2146 cum
821 2085 1095 2164 quibus'di'vinitas
1118 2087 1195 2146 nihil

175 2179 318 2256 dignatur
330 2176 440 2236 habere
454 2196 618 2252 commune,
636 2178 697 2237 nisi
709 2176 864 2236 hominum
879 2177 977 2236 studio
992 2177 1195 2253 impensisque

141 2270 159 2327 5
176 2269 325 2341 curentur,
339 2265 450 2342 absque
466 2265 664 2343 ambiguitate
682 2266 853 2343 depereunt.
891 2265 969 2335 Quid
987 2268 1067 2326 enim
1080 2265 1196 2328 inmen-

175 2357 214 2414 tis
234 2357 299 2430 spei
313 2358 455 2430 superest,
476 2373 552 2430 quae
573 2355 716 2414 divinitas
735 2356 836 2415 fovere
854 2357 977 2430 respuit,
997 2355 1022 2415 si
1040 2355 1196 2414 hominnm

175 2444 291 2503 medela
310 2442 491 2504 cessaverit?
533 2442 628 2519 Saepe
647 2443 765 2519 accidit,
788 2448 831 2518 ut,
849 2445 993 2522 neglectis
1013 2443 1194 2503 animalibus
1209 2465 1237 2504 ro

249 2637 262 2684 1
283 2634 390 2684 cretum
408 2632 448 2684 cd.
461 2647 504 2698 pr.
525 2633 631 2684 certam
649 2632 677 2684 A
696 2630 850 2685 cribratum
869 2631 897 2685 P
924 2633 928 2700 1
960 2631 1078 2685 miscere
1097 2631 1136 2686 cd.
1148 2648 1194 2700 pr.

176 2706 204 2761 P
220 2702 371 2773 permisces
390 2703 417 2756 A
431 2703 440 2770 11
455 2703 627 2770 2-tanquam
641 2717 696 2756 om.
711 2703 751 2756 ed.
763 2719 807 2772 pr.
821 2703 850 2756 A
866 2704 869 2771 1
886 2701 991 2756 dicit-nr
1010 2704 1038 2757 P

247 2772 342 2827 Publii
359 2771 474 2842 Vegetii
492 2771 596 2827 Renati
609 2773 663 2826 viri
682 2773 856 2843 digestorum
871 2773 940 2828 artis
958 2772 1195 2842 mulomedicinae

175 2845 248 2901 liber
266 2844 404 2900 secundus
421 2842 545 2914 explicit,
563 2843 666 2914 incipit
680 2843 782 2898 tertius
795 2845 829 2900 P.
858 2843 975 2914 explicit
992 2843 1066 2898 liber
1084 2844 1194 2898 tertius.

174 2917 317 2990 incipiunt
335 2914 462 2985 capitula
480 2915 579 2982 querti-
592 2915 660 2970 libri
678 2917 742 2971 AF
757 2917 837 2971 nulla
855 2917 1017 2986 catenoplia
1035 2917 1067 2968 io
1085 2917 1112 2970 L

247 2995 264 3041 4
282 2986 460 3057 prohemium
479 2989 507 3042 P
518 2989 528 3056 11
541 2987 683 3058 proloquor
701 3003 752 3042 om.
767 2987 795 3041 A
809 2987 850 3042 cd.
861 3005 906 3056 pr.
921 2987 1012 3044 Samb.
1031 2987 1120 3042 edidit
1133 2988 1196 3056 pri-

175 3077 236 3114 mua
254 3059 404 3114 Fabricios
423 3057 485 3112 bibl.
501 3057 565 3112 Lot.
585 3064 603 3112 t.
620 3059 677 3112 111
687 3075 716 3126 p.
733 3062 787 3113 135
804 3075 838 3113 aa
871 3060 880 3128 11
913 3063 928 3111 b
948 3057 1121 3129 negligenda
1139 3059 1168 3112 P
1185 3057 1196 3138 11

176 3137 193 3185 8
213 3131 324 3185 accedit
338 3130 383 3199 ΡΙ
399 3128 536 3184 refervere
551 3130 579 3183 P
590 3131 630 3200 119
649 3147 685 3182 m.
700 3129 804 3184 frustra
819 3129 920 3196 curari,
934 3129 1066 3198 victuros,
1080 3129 1193 3212 etiamsr

176 3236 318 3290 medicina
337 3237 435 3301 cesset,
454 3251 585 3290 evasuros
600 3236 638 3290 M
649 3235 725 3306 (vict.
742 3267 776 3278 -
789 3251 864 3294 eves.
879 3252 930 3291 om.
945 3238 981 3298 Pl
999 3218 1148 3290 moriturde
1168 3237 1197 3289 et

177 3309 202 3361 si
215 3326 252 3361 m.
267 3325 290 3360 c.
301 3308 437 3362 cradetL
451 3309 460 3376 11
476 3313 509 3362 10
523 3307 591 3376 quia
605 3324 655 3362 om.
667 3309 695 3363 P
705 3310 715 3376 11
730 3313 762 3361 11
778 3324 842 3361 cum
854 3307 944 3377 impia
959 3307 997 3361 sit
1009 3309 1037 3362 P
1051 3311 1055 3376 1
1072 3306 1196 3361 assentio

177 3380 206 3432 P
232 3381 243 3448 11
273 3384 306 3432 12
325 3380 472 3447 expertum
490 3379 562 3450 culp.
598 3381 602 3447 1
636 3381 666 3432 et
683 3378 707 3432 si
727 3378 880 3448 quicquam
898 3396 921 3433 c.
937 3395 976 3434 ev.
992 3380 1021 3433 P
1040 3382 1058 3461 ,11
1091 3384 1125 3465 il
1143 3377 1196 3432 illa

178 3517 228 3554 om.
244 3501 330 3555 Febr.
344 3499 408 3555 fort.
424 3500 497 3554 illud
515 3501 551 3556 al.
571 3517 636 3556 vera
658 3502 782 3558 creditur
800 3506 828 3559 P
853 3504 862 3572 11
891 3507 923 3556 15
942 3468 1062 3569 factord
1100 3519 1196 3574 marco

178 3569 302 3695 {ztofpurp
315 3572 413 3696 111116
431 3571 543 3626 videtur
555 3573 617 3643 regi
631 3576 659 3629 P
670 3575 679 3642 11
695 3579 727 3627 18
743 3573 861 3628 iumenti
881 3583 992 3644 semper
1010 3574 1071 3644 spei
1085 3574 1128 3628 est
1142 3575 1170 3630 P
1187 3573 1197 3644 11

263 3659 279 3694 v
297 3657 327 3695 re
