<?xml version="1.0" encoding="UTF-8"?>
<!DOCTYPE html PUBLIC "-//W3C//DTD XHTML 1.0 Transitional//EN"
    "http://www.w3.org/TR/xhtml1/DTD/xhtml1-transitional.dtd">
<html xmlns="http://www.w3.org/1999/xhtml" xml:lang="en" lang="en">
 <head>
  <title>
</title>
<meta http-equiv="Content-Type" content="text/html;charset=utf-8" />
  <meta name='ocr-system' content='tesseract 3.04.00' />
  <meta name='ocr-capabilities' content='ocr_page ocr_carea ocr_par ocr_line ocrx_word'/>
</head>
<body>
  <div class='ocr_page' id='page_1' title='image "./pvegetirenatidi02martgoog/pvegetirenatidi02martgoog_0116.png"; bbox 0 0 2682 3920; ppageno 0'>
   <div class='ocr_carea' id='block_1_1' title="bbox 538 249 1152 314">
    <p class='ocr_par' dir='ltr' id='par_1_1' title="bbox 538 249 1152 314">
     <span class='ocr_line' id='line_1_1' title="bbox 538 249 1152 314; baseline 0.003 -12"><span class='ocrx_word' id='word_1_1' title='bbox 538 249 677 304; x_wconf 86' lang='lat' dir='ltr'>MVLOM.</span> <span class='ocrx_word' id='word_1_2' title='bbox 697 250 710 302; x_wconf 88' lang='lat' dir='ltr'>l</span> <span class='ocrx_word' id='word_1_3' title='bbox 729 255 762 303; x_wconf 83' lang='lat'>43</span> <span class='ocrx_word' id='word_1_4' title='bbox 1110 250 1152 314; x_wconf 84' lang='grc'>69</span> 
     </span>
    </p>
   </div>
   <div class='ocr_carea' id='block_1_2' title="bbox 35 417 1194 2183">
    <p class='ocr_par' dir='ltr' id='par_1_2' title="bbox 35 417 1194 2183">
     <span class='ocr_line' id='line_1_2' title="bbox 144 417 1157 494; baseline 0.001 -18"><span class='ocrx_word' id='word_1_5' title='bbox 144 420 175 476; x_wconf 89' lang='lat' dir='ltr'>et</span> <span class='ocrx_word' id='word_1_6' title='bbox 207 436 274 476; x_wconf 88' lang='lat' dir='ltr'>cnm</span> <span class='ocrx_word' id='word_1_7' title='bbox 304 420 402 476; x_wconf 92' lang='lat' dir='ltr'>totum</span> <span class='ocrx_word' id='word_1_8' title='bbox 432 437 450 476; x_wconf 91' lang='lat' dir='ltr'>a</span> <span class='ocrx_word' id='word_1_9' title='bbox 483 417 583 476; x_wconf 87' lang='lat' dir='ltr'>labore</span> <span class='ocrx_word' id='word_1_10' title='bbox 616 421 775 478; x_wconf 79' lang='lat' dir='ltr'><strong>cessaverit</strong></span> <span class='ocrx_word' id='word_1_11' title='bbox 807 438 840 477; x_wconf 89' lang='lat' dir='ltr'>ae</span> <span class='ocrx_word' id='word_1_12' title='bbox 872 419 1020 476; x_wconf 77' lang='lat' dir='ltr'>refrixerit</span> <span class='ocrx_word' id='word_1_13' title='bbox 1051 436 1157 494; x_wconf 84' lang='lat' dir='ltr'>corpus</span> 
     </span>
     <span class='ocr_line' id='line_1_3' title="bbox 145 506 1157 581; baseline 0.001 -16"><span class='ocrx_word' id='word_1_14' title='bbox 145 507 296 581; x_wconf 83' lang='lat' dir='ltr'>animalis,</span> <span class='ocrx_word' id='word_1_15' title='bbox 320 510 415 566; x_wconf 84' lang='lat' dir='ltr'>cessat</span> <span class='ocrx_word' id='word_1_16' title='bbox 438 509 468 565; x_wconf 91' lang='lat' dir='ltr'>et</span> <span class='ocrx_word' id='word_1_17' title='bbox 491 507 587 566; x_wconf 88' lang='lat' dir='ltr'>dolor:</span> <span class='ocrx_word' id='word_1_18' title='bbox 616 507 666 565; x_wconf 86' lang='lat' dir='ltr'>sed</span> <span class='ocrx_word' id='word_1_19' title='bbox 689 525 756 565; x_wconf 91' lang='lat' dir='ltr'>cum</span> <span class='ocrx_word' id='word_1_20' title='bbox 779 527 796 566; x_wconf 93' lang='lat' dir='ltr'>a</span> <span class='ocrx_word' id='word_1_21' title='bbox 819 506 920 565; x_wconf 89' lang='lat' dir='ltr'>labore</span> <span class='ocrx_word' id='word_1_22' title='bbox 944 507 1071 566; x_wconf 85' lang='lat' dir='ltr'>calefieri</span> <span class='ocrx_word' id='word_1_23' title='bbox 1094 527 1157 566; x_wconf 87' lang='lat' dir='ltr'>eoc-</span> 
     </span>
     <span class='ocr_line' id='line_1_4' title="bbox 144 589 1190 672; baseline 0.001 -18"><span class='ocrx_word' id='word_1_24' title='bbox 144 589 239 671; x_wconf 38' lang='lat' dir='ltr'>peritp</span> <span class='ocrx_word' id='word_1_25' title='bbox 265 615 367 655; x_wconf 87' lang='lat' dir='ltr'>rursus</span> <span class='ocrx_word' id='word_1_26' title='bbox 397 598 535 654; x_wconf 87' lang='lat' dir='ltr'>exoritur.</span> <span class='ocrx_word' id='word_1_27' title='bbox 588 596 628 654; x_wconf 80' lang='lat' dir='ltr'>Et</span> <span class='ocrx_word' id='word_1_28' title='bbox 656 595 722 654; x_wconf 84' lang='lat' dir='ltr'>ideo</span> <span class='ocrx_word' id='word_1_29' title='bbox 754 596 890 672; x_wconf 89' lang='lat' dir='ltr'>strophus</span> <span class='ocrx_word' id='word_1_30' title='bbox 921 599 1058 655; x_wconf 84' lang='lat' dir='ltr'>vocatur:</span> <span class='ocrx_word' id='word_1_31' title='bbox 1088 600 1190 656; x_wconf 83' lang='lat' dir='ltr'>nam2</span> 
     </span>
     <span class='ocr_line' id='line_1_5' title="bbox 95 685 1157 761; baseline 0.004 -19"><span class='ocrx_word' id='word_1_32' title='bbox 95 708 97 710; x_wconf 94' lang='lat'>·</span> <span class='ocrx_word' id='word_1_33' title='bbox 144 686 315 760; x_wconf 83' lang='lat' dir='ltr'>frequentor</span> <span class='ocrx_word' id='word_1_34' title='bbox 346 685 514 760; x_wconf 77' lang='lat' dir='ltr'>volutatur,</span> <span class='ocrx_word' id='word_1_35' title='bbox 542 688 572 743; x_wconf 91' lang='lat' dir='ltr'>et</span> <span class='ocrx_word' id='word_1_36' title='bbox 603 703 670 744; x_wconf 89' lang='lat' dir='ltr'>cum</span> <span class='ocrx_word' id='word_1_37' title='bbox 702 687 862 743; x_wconf 83' lang='lat' dir='ltr'>surrexerit</span> <span class='ocrx_word' id='word_1_38' title='bbox 892 687 1002 743; x_wconf 88' lang='lat' dir='ltr'>terram</span> <span class='ocrx_word' id='word_1_39' title='bbox 1033 685 1157 761; x_wconf 87' lang='lat' dir='ltr'>pedibus</span> 
     </span>
     <span class='ocr_line' id='line_1_6' title="bbox 118 773 1159 848; baseline 0.002 -16"><span class='ocrx_word' id='word_1_40' title='bbox 118 773 246 832; x_wconf 82' lang='lat' dir='ltr'>stundit</span> <span class='ocrx_word' id='word_1_41' title='bbox 279 776 309 831; x_wconf 92' lang='lat' dir='ltr'>et</span> <span class='ocrx_word' id='word_1_42' title='bbox 337 773 487 832; x_wconf 89' lang='lat' dir='ltr'>interdum</span> <span class='ocrx_word' id='word_1_43' title='bbox 516 776 601 848; x_wconf 88' lang='lat' dir='ltr'>quasi</span> <span class='ocrx_word' id='word_1_44' title='bbox 630 775 807 832; x_wconf 86' lang='lat' dir='ltr'>manducare</span> <span class='ocrx_word' id='word_1_45' title='bbox 838 777 974 848; x_wconf 88' lang='lat' dir='ltr'>conatur,</span> <span class='ocrx_word' id='word_1_46' title='bbox 1005 777 1035 832; x_wconf 91' lang='lat' dir='ltr'>et</span> <span class='ocrx_word' id='word_1_47' title='bbox 1061 774 1159 834; x_wconf 91' lang='lat' dir='ltr'>iacens</span> 
     </span>
     <span class='ocr_line' id='line_1_7' title="bbox 145 863 1159 940; baseline 0 -20"><span class='ocrx_word' id='word_1_48' title='bbox 145 863 264 921; x_wconf 84' lang='lat' dir='ltr'>videtur</span> <span class='ocrx_word' id='word_1_49' title='bbox 287 864 373 937; x_wconf 83' lang='lat' dir='ltr'>quasi</span> <span class='ocrx_word' id='word_1_50' title='bbox 400 863 543 939; x_wconf 87' lang='lat' dir='ltr'>pusillum</span> <span class='ocrx_word' id='word_1_51' title='bbox 569 863 750 938; x_wconf 90' lang='lat' dir='ltr'>requiescere</span> <span class='ocrx_word' id='word_1_52' title='bbox 780 866 810 922; x_wconf 87' lang='lat' dir='ltr'>et</span> <span class='ocrx_word' id='word_1_53' title='bbox 833 881 955 940; x_wconf 84' lang='lat' dir='ltr'>surgens</span> <span class='ocrx_word' id='word_1_54' title='bbox 982 864 1069 921; x_wconf 87' lang='lat' dir='ltr'>eitius</span> <span class='ocrx_word' id='word_1_55' title='bbox 1098 882 1159 921; x_wconf 92' lang='lat' dir='ltr'>am-</span> 
     </span>
     <span class='ocr_line' id='line_1_8' title="bbox 144 950 1159 1028; baseline 0.002 -20"><span class='ocrx_word' id='word_1_56' title='bbox 144 950 249 1009; x_wconf 91' lang='lat' dir='ltr'>bulare</span> <span class='ocrx_word' id='word_1_57' title='bbox 272 969 303 1010; x_wconf 90' lang='lat' dir='ltr'>se</span> <span class='ocrx_word' id='word_1_58' title='bbox 326 951 413 1028; x_wconf 85' lang='lat' dir='ltr'>cogit.</span> <span class='ocrx_word' id='word_1_59' title='bbox 461 950 518 1009; x_wconf 79' lang='lat' dir='ltr'>sed</span> <span class='ocrx_word' id='word_1_60' title='bbox 542 971 577 1009; x_wconf 82' lang='lat' dir='ltr'>ex</span> <span class='ocrx_word' id='word_1_61' title='bbox 594 952 650 1010; x_wconf 86' lang='lat' dir='ltr'>hac</span> <span class='ocrx_word' id='word_1_62' title='bbox 673 951 784 1010; x_wconf 86' lang='lat' dir='ltr'>iniuria</span> <span class='ocrx_word' id='word_1_63' title='bbox 806 951 975 1026; x_wconf 82' lang='lat' dir='ltr'>frequenter</span> <span class='ocrx_word' id='word_1_64' title='bbox 997 952 1159 1010; x_wconf 86' lang='lat' dir='ltr'>volutando</span> 
     </span>
     <span class='ocr_line' id='line_1_9' title="bbox 144 1040 1159 1116; baseline -0.001 -17"><span class='ocrx_word' id='word_1_65' title='bbox 144 1043 267 1099; x_wconf 85' lang='lat' dir='ltr'>ventum</span> <span class='ocrx_word' id='word_1_66' title='bbox 296 1040 352 1099; x_wconf 89' lang='lat' dir='ltr'>sibi</span> <span class='ocrx_word' id='word_1_67' title='bbox 379 1042 475 1098; x_wconf 84' lang='lat' dir='ltr'>nutrit</span> <span class='ocrx_word' id='word_1_68' title='bbox 501 1041 678 1099; x_wconf 85' lang='lat' dir='ltr'>intrinsecus</span> <span class='ocrx_word' id='word_1_69' title='bbox 706 1045 736 1099; x_wconf 90' lang='lat' dir='ltr'>et</span> <span class='ocrx_word' id='word_1_70' title='bbox 757 1040 792 1098; x_wconf 90' lang='lat' dir='ltr'>fit</span> <span class='ocrx_word' id='word_1_71' title='bbox 818 1040 1013 1116; x_wconf 78' lang='lat' dir='ltr'>tympanites‚</span> <span class='ocrx_word' id='word_1_72' title='bbox 1042 1060 1077 1098; x_wconf 83' lang='lat' dir='ltr'>ex</span> <span class='ocrx_word' id='word_1_73' title='bbox 1101 1059 1159 1115; x_wconf 92' lang='lat' dir='ltr'>quo</span> 
     </span>
     <span class='ocr_line' id='line_1_10' title="bbox 146 1129 1159 1206; baseline -0.001 -19"><span class='ocrx_word' id='word_1_74' title='bbox 146 1132 177 1187; x_wconf 86' lang='lat' dir='ltr'>et</span> <span class='ocrx_word' id='word_1_75' title='bbox 198 1131 350 1187; x_wconf 92' lang='lat' dir='ltr'>omentum</span> <span class='ocrx_word' id='word_1_76' title='bbox 377 1129 526 1204; x_wconf 75' lang='lat' dir='ltr'><strong>rumpitur</strong></span> <span class='ocrx_word' id='word_1_77' title='bbox 553 1132 583 1188; x_wconf 93' lang='lat' dir='ltr'>et</span> <span class='ocrx_word' id='word_1_78' title='bbox 604 1147 742 1205; x_wconf 83' lang='lat' dir='ltr'><strong>praesens</strong></span> <span class='ocrx_word' id='word_1_79' title='bbox 765 1130 847 1188; x_wconf 84' lang='lat' dir='ltr'>vitae</span> <span class='ocrx_word' id='word_1_80' title='bbox 868 1131 1033 1206; x_wconf 85' lang='lat' dir='ltr'>perieulum</span> <span class='ocrx_word' id='word_1_81' title='bbox 1060 1147 1159 1188; x_wconf 87' lang='lat' dir='ltr'>eonse-</span> 
     </span>
     <span class='ocr_line' id='line_1_11' title="bbox 104 1217 1192 1293; baseline 0.001 -16"><span class='ocrx_word' id='word_1_82' title='bbox 104 1238 131 1277; x_wconf 83' lang='grc' dir='ltr'>ιο</span> <span class='ocrx_word' id='word_1_83' title='bbox 146 1219 256 1292; x_wconf 89' lang='lat' dir='ltr'>quitur.</span> <span class='ocrx_word' id='word_1_84' title='bbox 303 1217 389 1286; x_wconf 84' lang='lat' dir='ltr'>Quod</span> <span class='ocrx_word' id='word_1_85' title='bbox 417 1218 525 1278; x_wconf 83' lang='lat' dir='ltr'>vitium</span> <span class='ocrx_word' id='word_1_86' title='bbox 554 1218 580 1276; x_wconf 89' lang='lat' dir='ltr'>si</span> <span class='ocrx_word' id='word_1_87' title='bbox 606 1221 639 1276; x_wconf 90' lang='lat' dir='ltr'>in</span> <span class='ocrx_word' id='word_1_88' title='bbox 668 1221 844 1293; x_wconf 88' lang='lat' dir='ltr'>perpetuum</span> <span class='ocrx_word' id='word_1_89' title='bbox 874 1218 989 1276; x_wconf 86' lang='lat' dir='ltr'>auferre</span> <span class='ocrx_word' id='word_1_90' title='bbox 1019 1219 1192 1290; x_wconf 83' lang='lat' dir='ltr'>volueris‚3</span> 
     </span>
     <span class='ocr_line' id='line_1_12' title="bbox 144 1307 1159 1384; baseline 0 -20"><span class='ocrx_word' id='word_1_91' title='bbox 144 1309 360 1382; x_wconf 87' lang='lat' dir='ltr'>paracentesim</span> <span class='ocrx_word' id='word_1_92' title='bbox 387 1307 477 1365; x_wconf 83' lang='lat' dir='ltr'>facies</span> <span class='ocrx_word' id='word_1_93' title='bbox 506 1309 560 1365; x_wconf 89' lang='lat' dir='ltr'>sic:</span> <span class='ocrx_word' id='word_1_94' title='bbox 592 1309 720 1382; x_wconf 87' lang='lat' dir='ltr'>quatuor</span> <span class='ocrx_word' id='word_1_95' title='bbox 749 1307 850 1384; x_wconf 85' lang='lat' dir='ltr'>digitis</span> <span class='ocrx_word' id='word_1_96' title='bbox 874 1308 927 1366; x_wconf 91' lang='lat' dir='ltr'>sub</span> <span class='ocrx_word' id='word_1_97' title='bbox 957 1307 1097 1366; x_wconf 80' lang='lat' dir='ltr'>umbilico</span> <span class='ocrx_word' id='word_1_98' title='bbox 1121 1308 1159 1365; x_wconf 90' lang='lat' dir='ltr'>ad</span> 
     </span>
     <span class='ocr_line' id='line_1_13' title="bbox 145 1395 1159 1473; baseline -0.001 -19"><span class='ocrx_word' id='word_1_99' title='bbox 145 1398 295 1454; x_wconf 87' lang='lat' dir='ltr'>veretrum</span> <span class='ocrx_word' id='word_1_100' title='bbox 313 1414 414 1454; x_wconf 84' lang='lat' dir='ltr'>versus</span> <span class='ocrx_word' id='word_1_101' title='bbox 436 1396 534 1454; x_wconf 86' lang='lat' dir='ltr'>medio</span> <span class='ocrx_word' id='word_1_102' title='bbox 554 1396 672 1453; x_wconf 88' lang='lat' dir='ltr'>climate</span> <span class='ocrx_word' id='word_1_103' title='bbox 694 1395 806 1455; x_wconf 86' lang='lat' dir='ltr'>ventris</span> <span class='ocrx_word' id='word_1_104' title='bbox 826 1397 968 1473; x_wconf 73' lang='lat' dir='ltr'>sagittam</span> <span class='ocrx_word' id='word_1_105' title='bbox 990 1396 1102 1470; x_wconf 85' lang='lat' dir='ltr'>inicies,</span> <span class='ocrx_word' id='word_1_106' title='bbox 1125 1398 1159 1453; x_wconf 89' lang='lat' dir='ltr'>ut</span> 
     </span>
     <span class='ocr_line' id='line_1_14' title="bbox 145 1485 1159 1561; baseline 0.001 -20"><span class='ocrx_word' id='word_1_107' title='bbox 145 1503 205 1542; x_wconf 94' lang='lat' dir='ltr'>non</span> <span class='ocrx_word' id='word_1_108' title='bbox 228 1485 324 1542; x_wconf 88' lang='lat' dir='ltr'>solum</span> <span class='ocrx_word' id='word_1_109' title='bbox 343 1486 440 1542; x_wconf 91' lang='lat' dir='ltr'>cutem</span> <span class='ocrx_word' id='word_1_110' title='bbox 463 1487 677 1543; x_wconf 86' lang='lat' dir='ltr'>verumetiam</span> <span class='ocrx_word' id='word_1_111' title='bbox 700 1486 886 1561; x_wconf 86' lang='lat' dir='ltr'>peritoneurn</span> <span class='ocrx_word' id='word_1_112' title='bbox 909 1487 1006 1560; x_wconf 90' lang='lat' dir='ltr'>ipsum</span> <span class='ocrx_word' id='word_1_113' title='bbox 1030 1486 1159 1561; x_wconf 79' lang='lat' dir='ltr'>aperias3</span> 
     </span>
     <span class='ocr_line' id='line_1_15' title="bbox 35 1573 1160 1649; baseline 0 -19"><span class='ocrx_word' id='word_1_114' title='bbox 35 1605 39 1610; x_wconf 81' lang='lat'>.</span> <span class='ocrx_word' id='word_1_115' title='bbox 145 1575 330 1648; x_wconf 85' lang='lat' dir='ltr'>peritoneum</span> <span class='ocrx_word' id='word_1_116' title='bbox 353 1575 432 1631; x_wconf 91' lang='lat' dir='ltr'>enim</span> <span class='ocrx_word' id='word_1_117' title='bbox 462 1573 570 1631; x_wconf 86' lang='lat' dir='ltr'>dicitur</span> <span class='ocrx_word' id='word_1_118' title='bbox 597 1574 769 1632; x_wconf 89' lang='lat' dir='ltr'>membrana</span> <span class='ocrx_word' id='word_1_119' title='bbox 798 1593 873 1649; x_wconf 89' lang='lat' dir='ltr'>quae</span> <span class='ocrx_word' id='word_1_120' title='bbox 895 1574 1038 1632; x_wconf 89' lang='lat' dir='ltr'>intestina</span> <span class='ocrx_word' id='word_1_121' title='bbox 1061 1575 1160 1632; x_wconf 91' lang='lat' dir='ltr'>omnia</span> 
     </span>
     <span class='ocr_line' id='line_1_16' title="bbox 105 1661 1159 1740; baseline -0.003 -18"><span class='ocrx_word' id='word_1_122' title='bbox 105 1680 132 1722; x_wconf 78' lang='lat' dir='ltr'>rs</span> <span class='ocrx_word' id='word_1_123' title='bbox 148 1663 286 1720; x_wconf 87' lang='lat' dir='ltr'>eontinet.</span> <span class='ocrx_word' id='word_1_124' title='bbox 333 1661 381 1720; x_wconf 86' lang='lat' dir='ltr'>Ad</span> <span class='ocrx_word' id='word_1_125' title='bbox 403 1681 572 1721; x_wconf 89' lang='lat' dir='ltr'>mensuram</span> <span class='ocrx_word' id='word_1_126' title='bbox 595 1665 695 1720; x_wconf 91' lang='lat' dir='ltr'>autem</span> <span class='ocrx_word' id='word_1_127' title='bbox 719 1681 785 1720; x_wconf 89' lang='lat' dir='ltr'>cum</span> <span class='ocrx_word' id='word_1_128' title='bbox 811 1681 920 1740; x_wconf 82' lang='lat' dir='ltr'>magna</span> <span class='ocrx_word' id='word_1_129' title='bbox 943 1662 1060 1721; x_wconf 88' lang='lat' dir='ltr'>cautela</span> <span class='ocrx_word' id='word_1_130' title='bbox 1082 1663 1159 1738; x_wconf 88' lang='lat' dir='ltr'>peri·</span> 
     </span>
     <span class='ocr_line' id='line_1_17' title="bbox 146 1751 1160 1827; baseline 0 -19"><span class='ocrx_word' id='word_1_131' title='bbox 146 1752 268 1809; x_wconf 91' lang='lat' dir='ltr'>toneum</span> <span class='ocrx_word' id='word_1_132' title='bbox 291 1753 418 1826; x_wconf 84' lang='lat' dir='ltr'>aperies,</span> <span class='ocrx_word' id='word_1_133' title='bbox 441 1771 477 1808; x_wconf 93' lang='lat' dir='ltr'>ne</span> <span class='ocrx_word' id='word_1_134' title='bbox 500 1752 642 1810; x_wconf 88' lang='lat' dir='ltr'>intestina</span> <span class='ocrx_word' id='word_1_135' title='bbox 664 1751 764 1810; x_wconf 88' lang='lat' dir='ltr'>laedas</span> <span class='ocrx_word' id='word_1_136' title='bbox 789 1755 819 1810; x_wconf 86' lang='lat' dir='ltr'>et</span> <span class='ocrx_word' id='word_1_137' title='bbox 841 1770 979 1827; x_wconf 83' lang='lat' dir='ltr'>praesens</span> <span class='ocrx_word' id='word_1_138' title='bbox 1003 1752 1160 1810; x_wconf 79' lang='lat' dir='ltr'>discrimen</span> 
     </span>
     <span class='ocr_line' id='line_1_18' title="bbox 145 1839 1194 1918; baseline 0.002 -21"><span class='ocrx_word' id='word_1_139' title='bbox 145 1841 264 1898; x_wconf 87' lang='lat' dir='ltr'>inferas.</span> <span class='ocrx_word' id='word_1_140' title='bbox 307 1839 379 1898; x_wconf 91' lang='lat' dir='ltr'>Post</span> <span class='ocrx_word' id='word_1_141' title='bbox 397 1843 533 1915; x_wconf 88' lang='lat' dir='ltr'>exempta</span> <span class='ocrx_word' id='word_1_142' title='bbox 551 1842 662 1918; x_wconf 86' lang='lat' dir='ltr'>sagitta</span> <span class='ocrx_word' id='word_1_143' title='bbox 681 1840 806 1899; x_wconf 87' lang='lat' dir='ltr'>subicies</span> <span class='ocrx_word' id='word_1_144' title='bbox 825 1840 956 1899; x_wconf 89' lang='lat' dir='ltr'>fistulam</span> <span class='ocrx_word' id='word_1_145' title='bbox 976 1841 1194 1914; x_wconf 81' lang='lat' dir='ltr'>centetalem‚4</span> 
     </span>
     <span class='ocr_line' id='line_1_19' title="bbox 147 1928 1160 2005; baseline 0 -19"><span class='ocrx_word' id='word_1_146' title='bbox 147 1947 237 2002; x_wconf 86' lang='lat' dir='ltr'>quam</span> <span class='ocrx_word' id='word_1_147' title='bbox 260 1928 449 1986; x_wconf 81' lang='lat' dir='ltr'>mulomedici</span> <span class='ocrx_word' id='word_1_148' title='bbox 471 1932 590 2005; x_wconf 89' lang='lat' dir='ltr'>portare</span> <span class='ocrx_word' id='word_1_149' title='bbox 614 1932 836 2004; x_wconf 83' lang='lat' dir='ltr'>consueverunt,</span> <span class='ocrx_word' id='word_1_150' title='bbox 860 1930 983 1988; x_wconf 89' lang='lat' dir='ltr'>minutis</span> <span class='ocrx_word' id='word_1_151' title='bbox 1007 1929 1160 1988; x_wconf 89' lang='lat' dir='ltr'>foramini-</span> 
     </span>
     <span class='ocr_line' id='line_1_20' title="bbox 146 2017 1160 2094; baseline 0 -19"><span class='ocrx_word' id='word_1_152' title='bbox 146 2017 201 2075; x_wconf 88' lang='lat' dir='ltr'>bus</span> <span class='ocrx_word' id='word_1_153' title='bbox 225 2018 386 2092; x_wconf 86' lang='lat' dir='ltr'>multisque</span> <span class='ocrx_word' id='word_1_154' title='bbox 409 2021 573 2093; x_wconf 83' lang='lat' dir='ltr'>pertusam,</span> <span class='ocrx_word' id='word_1_155' title='bbox 600 2038 654 2094; x_wconf 92' lang='lat' dir='ltr'>per</span> <span class='ocrx_word' id='word_1_156' title='bbox 681 2038 770 2093; x_wconf 89' lang='lat' dir='ltr'>quam</span> <span class='ocrx_word' id='word_1_157' title='bbox 796 2019 876 2077; x_wconf 89' lang='lat' dir='ltr'>foras</span> <span class='ocrx_word' id='word_1_158' title='bbox 899 2019 1005 2076; x_wconf 89' lang='lat' dir='ltr'>humor</span> <span class='ocrx_word' id='word_1_159' title='bbox 1028 2019 1160 2076; x_wconf 87' lang='lat' dir='ltr'>emanat:</span> 
     </span>
     <span class='ocr_line' id='line_1_21' title="bbox 105 2107 1160 2183; baseline -0.001 -19"><span class='ocrx_word' id='word_1_160' title='bbox 105 2125 133 2164; x_wconf 77' lang='lat' dir='ltr'>so</span> <span class='ocrx_word' id='word_1_161' title='bbox 149 2125 236 2182; x_wconf 91' lang='lat' dir='ltr'>quem</span> <span class='ocrx_word' id='word_1_162' title='bbox 256 2107 397 2182; x_wconf 86' lang='lat' dir='ltr'>suscipies</span> <span class='ocrx_word' id='word_1_163' title='bbox 420 2109 452 2164; x_wconf 90' lang='lat' dir='ltr'>in</span> <span class='ocrx_word' id='word_1_164' title='bbox 469 2125 539 2166; x_wconf 87' lang='lat' dir='ltr'>vase</span> <span class='ocrx_word' id='word_1_165' title='bbox 559 2110 588 2164; x_wconf 88' lang='lat' dir='ltr'>et</span> <span class='ocrx_word' id='word_1_166' title='bbox 606 2108 737 2165; x_wconf 86' lang='lat' dir='ltr'>invenies</span> <span class='ocrx_word' id='word_1_167' title='bbox 757 2107 914 2183; x_wconf 91' lang='lat' dir='ltr'>limpidum</span> <span class='ocrx_word' id='word_1_168' title='bbox 932 2108 1005 2165; x_wconf 90' lang='lat' dir='ltr'>lotio</span> <span class='ocrx_word' id='word_1_169' title='bbox 1025 2107 1160 2179; x_wconf 84' lang='lat' dir='ltr'>similem,</span> 
     </span>
    </p>
   </div>
   <div class='ocr_carea' id='block_1_3' title="bbox 126 2289 1050 2346">
    <p class='ocr_par' dir='ltr' id='par_1_3' title="bbox 126 2289 1050 2346">
     <span class='ocr_line' id='line_1_22' title="bbox 126 2289 1050 2346; baseline 0 -1"><span class='ocrx_word' id='word_1_170' title='bbox 126 2312 129 2317; x_wconf 91' lang='lat'>·</span> <span class='ocrx_word' id='word_1_171' title='bbox 219 2291 326 2346; x_wconf 83' lang='lat' dir='ltr'>3Chir.</span> <span class='ocrx_word' id='word_1_172' title='bbox 344 2309 365 2346; x_wconf 81' lang='lat' dir='ltr'>e.</span> <span class='ocrx_word' id='word_1_173' title='bbox 383 2296 442 2346; x_wconf 77' lang='lat'><strong>221.</strong></span> <span class='ocrx_word' id='word_1_174' title='bbox 517 2292 738 2346; x_wconf 66' lang='lat' dir='ltr'>schinum</span> <span class='ocrx_word' id='word_1_175' title='bbox 813 2298 844 2345; x_wconf 87' lang='lat'>11</span> <span class='ocrx_word' id='word_1_176' title='bbox 865 2289 1050 2345; x_wconf 67' lang='lat' dir='ltr'>thiresus.</span> 
     </span>
    </p>
   </div>
   <div class='ocr_carea' id='block_1_4' title="bbox 145 2395 322 2405">
    <p class='ocr_par' dir='ltr' id='par_1_4' title="bbox 145 2395 322 2405">
     <span class='ocr_line' id='line_1_23' title="bbox 145 2395 322 2405; baseline -0.006 -3"><span class='ocrx_word' id='word_1_177' title='bbox 145 2395 322 2405; x_wconf 46' lang='grc' dir='ltr'>...ὰ-..-</span> 
     </span>
    </p>
   </div>
   <div class='ocr_carea' id='block_1_5' title="bbox 143 2451 1162 2877">
    <p class='ocr_par' dir='ltr' id='par_1_5' title="bbox 143 2451 1162 2877">
     <span class='ocr_line' id='line_1_24' title="bbox 221 2451 1161 2522; baseline -0.002 -17"><span class='ocrx_word' id='word_1_178' title='bbox 221 2459 234 2505; x_wconf 93' lang='lat'>1</span> <span class='ocrx_word' id='word_1_179' title='bbox 255 2456 284 2506; x_wconf 90' lang='lat' dir='ltr'>et</span> <span class='ocrx_word' id='word_1_180' title='bbox 299 2471 320 2506; x_wconf 89' lang='lat' dir='ltr'>c.</span> <span class='ocrx_word' id='word_1_181' title='bbox 336 2453 376 2506; x_wconf 81' lang='lat' dir='ltr'>ed.</span> <span class='ocrx_word' id='word_1_182' title='bbox 388 2469 432 2521; x_wconf 83' lang='lat' dir='ltr'>pr.</span> <span class='ocrx_word' id='word_1_183' title='bbox 449 2452 498 2505; x_wconf 89' lang='lat' dir='ltr'>sed</span> <span class='ocrx_word' id='word_1_184' title='bbox 514 2469 535 2506; x_wconf 87' lang='lat' dir='ltr'>o.</span> <span class='ocrx_word' id='word_1_185' title='bbox 551 2453 626 2506; x_wconf 80' lang='lat' dir='ltr'>codd.</span> <span class='ocrx_word' id='word_1_186' title='bbox 644 2455 648 2522; x_wconf 97' lang='grc' dir='ltr'>Ι</span> <span class='ocrx_word' id='word_1_187' title='bbox 665 2455 713 2506; x_wconf 86' lang='lat' dir='ltr'>et.</span> <span class='ocrx_word' id='word_1_188' title='bbox 731 2496 736 2506; x_wconf 89' lang='lat'>.</span> <span class='ocrx_word' id='word_1_189' title='bbox 753 2495 759 2506; x_wconf 85' lang='lat'><strong>.</strong></span> <span class='ocrx_word' id='word_1_190' title='bbox 775 2451 854 2505; x_wconf 88' lang='lat' dir='ltr'>dolor</span> <span class='ocrx_word' id='word_1_191' title='bbox 868 2469 917 2506; x_wconf 84' lang='lat' dir='ltr'>om.</span> <span class='ocrx_word' id='word_1_192' title='bbox 933 2453 961 2506; x_wconf 99' lang='lat' dir='ltr'><strong><em>A</em></strong></span> <span class='ocrx_word' id='word_1_193' title='bbox 977 2454 981 2520; x_wconf 96' lang='grc' dir='ltr'>Ι</span> <span class='ocrx_word' id='word_1_194' title='bbox 997 2451 1161 2504; x_wconf 82' lang='lat' dir='ltr'>refixeritP</span> 
     </span>
     <span class='ocr_line' id='line_1_25' title="bbox 148 2523 1158 2593; baseline -0.002 -17"><span class='ocrx_word' id='word_1_195' title='bbox 148 2523 309 2593; x_wconf 75' lang='lat' dir='ltr'>refriguerit</span> <span class='ocrx_word' id='word_1_196' title='bbox 327 2524 358 2577; x_wconf 99' lang='lat' dir='ltr'><em>F</em></span> <span class='ocrx_word' id='word_1_197' title='bbox 381 2525 390 2592; x_wconf 95' lang='grc' dir='ltr'>ΙΙ</span> <span class='ocrx_word' id='word_1_198' title='bbox 419 2529 434 2576; x_wconf 75' lang='lat'>2</span> <span class='ocrx_word' id='word_1_199' title='bbox 454 2523 503 2576; x_wconf 90' lang='lat' dir='ltr'>secl</span> <span class='ocrx_word' id='word_1_200' title='bbox 522 2541 571 2578; x_wconf 84' lang='lat' dir='ltr'>om.</span> <span class='ocrx_word' id='word_1_201' title='bbox 589 2525 649 2578; x_wconf 95' lang='lat' dir='ltr'>FP</span> <span class='ocrx_word' id='word_1_202' title='bbox 666 2524 715 2576; x_wconf 89' lang='lat' dir='ltr'>secl</span> <span class='ocrx_word' id='word_1_203' title='bbox 731 2568 735 2577; x_wconf 92' lang='lat'>.</span> <span class='ocrx_word' id='word_1_204' title='bbox 754 2568 758 2578; x_wconf 94' lang='lat'>.</span> <span class='ocrx_word' id='word_1_205' title='bbox 774 2523 897 2577; x_wconf 83' lang='lat' dir='ltr'>exoritur</span> <span class='ocrx_word' id='word_1_206' title='bbox 915 2524 946 2576; x_wconf 79' lang='lat' dir='ltr'>irc</span> <span class='ocrx_word' id='word_1_207' title='bbox 964 2541 1049 2593; x_wconf 72' lang='lat' dir='ltr'>marp.</span> <span class='ocrx_word' id='word_1_208' title='bbox 1069 2523 1158 2591; x_wconf 82' lang='lat' dir='ltr'>suppl.</span> 
     </span>
     <span class='ocr_line' id='line_1_26' title="bbox 148 2593 1160 2664; baseline 0 -16"><span class='ocrx_word' id='word_1_209' title='bbox 148 2596 176 2648; x_wconf 92' lang='lat' dir='ltr'><strong><em>A</em></strong></span> <span class='ocrx_word' id='word_1_210' title='bbox 201 2599 205 2664; x_wconf 94' lang='grc' dir='ltr'>Ι</span> <span class='ocrx_word' id='word_1_211' title='bbox 231 2612 294 2648; x_wconf 92' lang='lat' dir='ltr'>cum</span> <span class='ocrx_word' id='word_1_212' title='bbox 312 2597 403 2648; x_wconf 89' lang='lat' dir='ltr'>totum</span> <span class='ocrx_word' id='word_1_213' title='bbox 422 2596 449 2648; x_wconf 93' lang='lat' dir='ltr'><strong><em>A</em></strong></span> <span class='ocrx_word' id='word_1_214' title='bbox 474 2597 478 2661; x_wconf 97' lang='grc' dir='ltr'>Ι</span> <span class='ocrx_word' id='word_1_215' title='bbox 501 2593 530 2646; x_wconf 90' lang='lat' dir='ltr'>in</span> <span class='ocrx_word' id='word_1_216' title='bbox 549 2594 567 2648; x_wconf 92' lang='lat' dir='ltr'>l.</span> <span class='ocrx_word' id='word_1_217' title='bbox 582 2596 642 2649; x_wconf 90' lang='lat' dir='ltr'>FP</span> <span class='ocrx_word' id='word_1_218' title='bbox 669 2598 673 2664; x_wconf 96' lang='grc' dir='ltr'>Ι</span> <span class='ocrx_word' id='word_1_219' title='bbox 702 2593 803 2663; x_wconf 87' lang='lat' dir='ltr'>incipit</span> <span class='ocrx_word' id='word_1_220' title='bbox 821 2610 915 2664; x_wconf 65' lang='lat' dir='ltr'>marso</span> <span class='ocrx_word' id='word_1_221' title='bbox 934 2593 969 2647; x_wconf 83' lang='lat' dir='ltr'>al.</span> <span class='ocrx_word' id='word_1_222' title='bbox 986 2593 1091 2663; x_wconf 86' lang='lat' dir='ltr'>ceperit</span> <span class='ocrx_word' id='word_1_223' title='bbox 1110 2595 1137 2648; x_wconf 88' lang='lat' dir='ltr'><strong><em>A</em></strong></span> <span class='ocrx_word' id='word_1_224' title='bbox 1150 2593 1160 2664; x_wconf 95' lang='grc' dir='ltr'>ΙΙ</span> 
     </span>
     <span class='ocr_line' id='line_1_27' title="bbox 148 2665 1157 2735; baseline -0.001 -17"><span class='ocrx_word' id='word_1_225' title='bbox 148 2672 164 2718; x_wconf 86' lang='grc'>3</span> <span class='ocrx_word' id='word_1_226' title='bbox 190 2681 340 2733; x_wconf 86' lang='lat' dir='ltr'>rursusque</span> <span class='ocrx_word' id='word_1_227' title='bbox 366 2667 394 2719; x_wconf 93' lang='lat' dir='ltr'><strong><em>A</em></strong></span> <span class='ocrx_word' id='word_1_228' title='bbox 435 2668 438 2734; x_wconf 93' lang='grc' dir='ltr'>Ι</span> <span class='ocrx_word' id='word_1_229' title='bbox 480 2665 642 2734; x_wconf 86' lang='lat' dir='ltr'>strophosus</span> <span class='ocrx_word' id='word_1_230' title='bbox 669 2667 729 2719; x_wconf 92' lang='lat' dir='ltr'>AP</span> <span class='ocrx_word' id='word_1_231' title='bbox 752 2668 809 2734; x_wconf 88' lang='lat' dir='ltr'>(str.</span> <span class='ocrx_word' id='word_1_232' title='bbox 832 2665 1001 2735; x_wconf 79' lang='lat' dir='ltr'>appellatur)</span> <span class='ocrx_word' id='word_1_233' title='bbox 1027 2665 1061 2731; x_wconf 73' lang='lat' dir='ltr'>cf.</span> <span class='ocrx_word' id='word_1_234' title='bbox 1085 2665 1157 2720; x_wconf 71' lang='lat' dir='ltr'>cair.</span> 
     </span>
     <span class='ocr_line' id='line_1_28' title="bbox 143 2736 1162 2806; baseline -0.003 -15"><span class='ocrx_word' id='word_1_235' title='bbox 143 2755 173 2806; x_wconf 62' lang='lat' dir='ltr'>p·</span> <span class='ocrx_word' id='word_1_236' title='bbox 190 2741 282 2804; x_wconf 87' lang='lat'><em>66,15</em></span> <span class='ocrx_word' id='word_1_237' title='bbox 304 2739 314 2806; x_wconf 95' lang='grc' dir='ltr'>ΙΙ</span> <span class='ocrx_word' id='word_1_238' title='bbox 338 2736 466 2790; x_wconf 87' lang='lat' dir='ltr'>5t0ndit</span> <span class='ocrx_word' id='word_1_239' title='bbox 484 2738 512 2790; x_wconf 93' lang='lat' dir='ltr'><strong><em>A</em></strong></span> <span class='ocrx_word' id='word_1_240' title='bbox 530 2736 622 2790; x_wconf 89' lang='lat' dir='ltr'>tendit</span> <span class='ocrx_word' id='word_1_241' title='bbox 641 2737 669 2790; x_wconf 94' lang='lat' dir='ltr'><em>P</em></span> <span class='ocrx_word' id='word_1_242' title='bbox 691 2741 695 2805; x_wconf 96' lang='grc' dir='ltr'>Ι</span> <span class='ocrx_word' id='word_1_243' title='bbox 720 2737 737 2790; x_wconf 94' lang='lat' dir='ltr'>i.</span> <span class='ocrx_word' id='word_1_244' title='bbox 757 2740 862 2791; x_wconf 84' lang='lat' dir='ltr'>terram</span> <span class='ocrx_word' id='word_1_245' title='bbox 880 2738 919 2791; x_wconf 80' lang='lat' dir='ltr'>ed.</span> <span class='ocrx_word' id='word_1_246' title='bbox 935 2755 979 2805; x_wconf 80' lang='lat' dir='ltr'>pr.</span> <span class='ocrx_word' id='word_1_247' title='bbox 995 2738 1058 2791; x_wconf 88' lang='lat' dir='ltr'>AF</span> <span class='ocrx_word' id='word_1_248' title='bbox 1073 2753 1116 2790; x_wconf 86' lang='lat' dir='ltr'>om</span> <span class='ocrx_word' id='word_1_249' title='bbox 1134 2736 1162 2788; x_wconf 95' lang='lat' dir='ltr'><em>P</em></span> 
     </span>
     <span class='ocr_line' id='line_1_29' title="bbox 149 2806 1160 2877; baseline -0.005 -14"><span class='ocrx_word' id='word_1_250' title='bbox 149 2809 222 2863; x_wconf 70' lang='lat' dir='ltr'>osu.</span> <span class='ocrx_word' id='word_1_251' title='bbox 246 2809 255 2876; x_wconf 97' lang='grc' dir='ltr'>ΙΙ</span> <span class='ocrx_word' id='word_1_252' title='bbox 279 2813 294 2860; x_wconf 88' lang='grc'><strong>6</strong></span> <span class='ocrx_word' id='word_1_253' title='bbox 314 2808 394 2875; x_wconf 88' lang='lat' dir='ltr'>quasi</span> <span class='ocrx_word' id='word_1_254' title='bbox 414 2808 468 2862; x_wconf 89' lang='lat' dir='ltr'>vid.</span> <span class='ocrx_word' id='word_1_255' title='bbox 483 2809 545 2861; x_wconf 89' lang='lat' dir='ltr'>FP</span> <span class='ocrx_word' id='word_1_256' title='bbox 557 2809 629 2863; x_wconf 69' lang='lat' dir='ltr'>Chia.</span> <span class='ocrx_word' id='word_1_257' title='bbox 658 2810 667 2876; x_wconf 96' lang='grc' dir='ltr'>ΙΙ</span> <span class='ocrx_word' id='word_1_258' title='bbox 695 2807 779 2860; x_wconf 79' lang='lat' dir='ltr'>&#39;lsecl</span> <span class='ocrx_word' id='word_1_259' title='bbox 798 2825 847 2863; x_wconf 84' lang='lat' dir='ltr'>om.</span> <span class='ocrx_word' id='word_1_260' title='bbox 863 2808 893 2862; x_wconf 92' lang='lat' dir='ltr'><em>F</em></span> <span class='ocrx_word' id='word_1_261' title='bbox 910 2808 934 2859; x_wconf 91' lang='lat' dir='ltr'>si</span> <span class='ocrx_word' id='word_1_262' title='bbox 953 2810 980 2863; x_wconf 89' lang='lat' dir='ltr'><strong><em>A</em></strong></span> <span class='ocrx_word' id='word_1_263' title='bbox 1004 2811 1013 2877; x_wconf 95' lang='grc' dir='ltr'>ΙΙ</span> <span class='ocrx_word' id='word_1_264' title='bbox 1036 2806 1160 2860; x_wconf 78' lang='lat' dir='ltr'>Snutrit</span> 
     </span>
    </p>
   </div>
   <div class='ocr_carea' id='block_1_6' title="bbox 147 2877 1227 2949">
    <p class='ocr_par' dir='ltr' id='par_1_6' title="bbox 147 2877 1227 2949">
     <span class='ocr_line' id='line_1_30' title="bbox 147 2877 1227 2949; baseline -0.003 -17"><span class='ocrx_word' id='word_1_265' title='bbox 147 2896 242 2949; x_wconf 72' lang='lat' dir='ltr'>scarpo</span> <span class='ocrx_word' id='word_1_266' title='bbox 261 2877 295 2932; x_wconf 90' lang='lat' dir='ltr'>al.</span> <span class='ocrx_word' id='word_1_267' title='bbox 312 2878 431 2932; x_wconf 87' lang='lat' dir='ltr'>inmittit</span> <span class='ocrx_word' id='word_1_268' title='bbox 449 2881 477 2933; x_wconf 93' lang='lat' dir='ltr'><strong><em>A</em></strong></span> <span class='ocrx_word' id='word_1_269' title='bbox 499 2881 508 2948; x_wconf 92' lang='grc' dir='ltr'>ΙΙ</span> <span class='ocrx_word' id='word_1_270' title='bbox 536 2881 714 2932; x_wconf 64' lang='lat' dir='ltr'>§lomentum</span> <span class='ocrx_word' id='word_1_271' title='bbox 732 2879 759 2932; x_wconf 91' lang='lat' dir='ltr'><em>P</em></span> <span class='ocrx_word' id='word_1_272' title='bbox 774 2879 846 2934; x_wconf 74' lang='lat' dir='ltr'>oso.</span> <span class='ocrx_word' id='word_1_273' title='bbox 865 2879 934 2931; x_wconf 90' lang='lat' dir='ltr'>ium-</span> <span class='ocrx_word' id='word_1_274' title='bbox 953 2879 1024 2948; x_wconf 70' lang='lat' dir='ltr'>culp.</span> <span class='ocrx_word' id='word_1_275' title='bbox 1051 2880 1055 2948; x_wconf 93' lang='grc' dir='ltr'>Ι</span> <span class='ocrx_word' id='word_1_276' title='bbox 1079 2892 1160 2948; x_wconf 83' lang='lat' dir='ltr'>prae·</span> <span class='ocrx_word' id='word_1_277' title='bbox 1225 2888 1227 2892; x_wconf 90' lang='grc'><strong><em>·</em></strong></span> 
     </span>
    </p>
   </div>
   <div class='ocr_carea' id='block_1_7' title="bbox 148 2949 1160 3105">
    <p class='ocr_par' dir='ltr' id='par_1_7' title="bbox 148 2949 1160 3105">
     <span class='ocr_line' id='line_1_31' title="bbox 148 2949 1160 3019; baseline -0.003 -16"><span class='ocrx_word' id='word_1_278' title='bbox 148 2950 236 3003; x_wconf 81' lang='lat' dir='ltr'>&#39;sentis</span> <span class='ocrx_word' id='word_1_279' title='bbox 255 2951 318 3003; x_wconf 90' lang='lat' dir='ltr'>AF</span> <span class='ocrx_word' id='word_1_280' title='bbox 340 2952 343 3018; x_wconf 98' lang='grc' dir='ltr'>Ι</span> <span class='ocrx_word' id='word_1_281' title='bbox 370 2950 496 3018; x_wconf 90' lang='lat' dir='ltr'>sequitur</span> <span class='ocrx_word' id='word_1_282' title='bbox 513 2951 577 3004; x_wconf 93' lang='lat' dir='ltr'>AF</span> <span class='ocrx_word' id='word_1_283' title='bbox 600 2951 609 3019; x_wconf 95' lang='grc' dir='ltr'>ΙΙ</span> <span class='ocrx_word' id='word_1_284' title='bbox 637 2955 668 3002; x_wconf 93' lang='grc'>11</span> <span class='ocrx_word' id='word_1_285' title='bbox 689 2949 890 3019; x_wconf 76' lang='lat' dir='ltr'>perstentesim</span> <span class='ocrx_word' id='word_1_286' title='bbox 909 2951 936 3004; x_wconf 93' lang='lat' dir='ltr'><strong><em>A</em></strong></span> <span class='ocrx_word' id='word_1_287' title='bbox 953 2949 1160 3017; x_wconf 80' lang='lat' dir='ltr'>paracentesim</span> 
     </span>
     <span class='ocr_line' id='line_1_32' title="bbox 148 3020 1158 3105; baseline 0 -31"><span class='ocrx_word' id='word_1_288' title='bbox 148 3023 193 3105; x_wconf 72' lang='lat' dir='ltr'>Pl</span> <span class='ocrx_word' id='word_1_289' title='bbox 211 3021 247 3074; x_wconf 83' lang='lat' dir='ltr'>ad</span> <span class='ocrx_word' id='word_1_290' title='bbox 267 3037 316 3074; x_wconf 64' lang='lat' dir='ltr'>om⁴</span> <span class='ocrx_word' id='word_1_291' title='bbox 332 3021 371 3075; x_wconf 83' lang='lat' dir='ltr'>ed.</span> <span class='ocrx_word' id='word_1_292' title='bbox 382 3039 426 3090; x_wconf 81' lang='lat' dir='ltr'>pr.</span> <span class='ocrx_word' id='word_1_293' title='bbox 442 3024 451 3091; x_wconf 91' lang='grc' dir='ltr'>ΙΙ</span> <span class='ocrx_word' id='word_1_294' title='bbox 471 3027 503 3074; x_wconf 81' lang='grc'>12</span> <span class='ocrx_word' id='word_1_295' title='bbox 522 3021 646 3074; x_wconf 89' lang='lat' dir='ltr'>medium</span> <span class='ocrx_word' id='word_1_296' title='bbox 664 3022 693 3075; x_wconf 89' lang='lat' dir='ltr'><strong><em>A</em></strong></span> <span class='ocrx_word' id='word_1_297' title='bbox 708 3024 712 3090; x_wconf 97' lang='grc' dir='ltr'>Ι</span> <span class='ocrx_word' id='word_1_298' title='bbox 729 3021 761 3074; x_wconf 93' lang='lat' dir='ltr'>cl.</span> <span class='ocrx_word' id='word_1_299' title='bbox 777 3021 835 3074; x_wconf 89' lang='lat' dir='ltr'>veri</span> <span class='ocrx_word' id='word_1_300' title='bbox 852 3023 901 3090; x_wconf 90' lang='grc' dir='ltr'>ΡΙΙ</span> <span class='ocrx_word' id='word_1_301' title='bbox 916 3027 948 3074; x_wconf 91' lang='grc'>13</span> <span class='ocrx_word' id='word_1_302' title='bbox 969 3020 1018 3072; x_wconf 89' lang='lat' dir='ltr'>sed</span> <span class='ocrx_word' id='word_1_303' title='bbox 1037 3036 1059 3073; x_wconf 91' lang='lat' dir='ltr'>e.</span> <span class='ocrx_word' id='word_1_304' title='bbox 1075 3021 1136 3074; x_wconf 92' lang='lat' dir='ltr'>FP</span> <span class='ocrx_word' id='word_1_305' title='bbox 1155 3020 1158 3091; x_wconf 96' lang='grc' dir='ltr'>Ι</span> 
     </span>
    </p>
   </div>
   <div class='ocr_carea' id='block_1_8' title="bbox 149 3108 1158 3215">
    <p class='ocr_par' dir='ltr' id='par_1_8' title="bbox 149 3108 1158 3215">
     <span class='ocr_line' id='line_1_33' title="bbox 149 3108 1158 3215; baseline -0.002 -17"><span class='ocrx_word' id='word_1_306' title='bbox 149 3151 191 3213; x_wconf 84' lang='grc'>13,</span> <span class='ocrx_word' id='word_1_307' title='bbox 208 3151 240 3198; x_wconf 78' lang='grc'>16</span> <span class='ocrx_word' id='word_1_308' title='bbox 259 3108 429 3215; x_wconf 65' lang='lat' dir='ltr'>peritconium</span> <span class='ocrx_word' id='word_1_309' title='bbox 443 3147 470 3199; x_wconf 91' lang='lat' dir='ltr'><strong><em>A</em></strong></span> <span class='ocrx_word' id='word_1_310' title='bbox 484 3149 656 3214; x_wconf 81' lang='lat' dir='ltr'>perytoncon</span> <span class='ocrx_word' id='word_1_311' title='bbox 670 3147 715 3214; x_wconf 88' lang='grc' dir='ltr'>ΡΙ</span> <span class='ocrx_word' id='word_1_312' title='bbox 731 3145 824 3214; x_wconf 87' lang='lat' dir='ltr'>ipsum</span> <span class='ocrx_word' id='word_1_313' title='bbox 843 3188 848 3198; x_wconf 82' lang='lat'><em>.</em></span> <span class='ocrx_word' id='word_1_314' title='bbox 866 3187 870 3198; x_wconf 92' lang='lat'>.</span> <span class='ocrx_word' id='word_1_315' title='bbox 892 3188 896 3197; x_wconf 93' lang='lat'>.</span> <span class='ocrx_word' id='word_1_316' title='bbox 918 3143 992 3198; x_wconf 90' lang='lat' dir='ltr'>enim</span> <span class='ocrx_word' id='word_1_317' title='bbox 1010 3160 1060 3198; x_wconf 84' lang='lat' dir='ltr'>om.</span> <span class='ocrx_word' id='word_1_318' title='bbox 1075 3146 1103 3214; x_wconf 91' lang='lat' dir='ltr'><strong><em>A</em></strong></span> <span class='ocrx_word' id='word_1_319' title='bbox 1122 3146 1158 3212; x_wconf 86' lang='lat' dir='ltr'>(p.</span> 
     </span>
    </p>
   </div>
   <div class='ocr_carea' id='block_1_9' title="bbox 148 3231 1162 3694">
    <p class='ocr_par' dir='ltr' id='par_1_9' title="bbox 148 3231 1162 3694">
     <span class='ocr_line' id='line_1_34' title="bbox 149 3231 1160 3341; baseline 0 -19"><span class='ocrx_word' id='word_1_320' title='bbox 149 3270 224 3339; x_wconf 90' lang='lat' dir='ltr'>quod</span> <span class='ocrx_word' id='word_1_321' title='bbox 243 3269 356 3340; x_wconf 83' lang='lat' dir='ltr'>dicitur)</span> <span class='ocrx_word' id='word_1_322' title='bbox 370 3272 379 3338; x_wconf 95' lang='grc' dir='ltr'>ΙΙ</span> <span class='ocrx_word' id='word_1_323' title='bbox 395 3276 427 3322; x_wconf 90' lang='grc'>14</span> <span class='ocrx_word' id='word_1_324' title='bbox 447 3269 532 3341; x_wconf 88' lang='lat' dir='ltr'>enim]</span> <span class='ocrx_word' id='word_1_325' title='bbox 553 3272 646 3323; x_wconf 85' lang='lat' dir='ltr'>autem</span> <span class='ocrx_word' id='word_1_326' title='bbox 665 3270 725 3323; x_wconf 91' lang='lat' dir='ltr'>FP</span> <span class='ocrx_word' id='word_1_327' title='bbox 745 3273 748 3338; x_wconf 98' lang='grc' dir='ltr'>Ι</span> <span class='ocrx_word' id='word_1_328' title='bbox 768 3231 960 3334; x_wconf 61' lang='lat' dir='ltr'>membraonum</span> <span class='ocrx_word' id='word_1_329' title='bbox 978 3269 1053 3335; x_wconf 91' lang='lat' dir='ltr'>quod</span> <span class='ocrx_word' id='word_1_330' title='bbox 1073 3269 1136 3322; x_wconf 90' lang='lat' dir='ltr'>AF</span> <span class='ocrx_word' id='word_1_331' title='bbox 1151 3268 1160 3340; x_wconf 96' lang='grc' dir='ltr'>ΙΙ</span> 
     </span>
     <span class='ocr_line' id='line_1_35' title="bbox 151 3339 1159 3411; baseline -0.003 -17"><span class='ocrx_word' id='word_1_332' title='bbox 151 3347 185 3394; x_wconf 86' lang='grc'>16</span> <span class='ocrx_word' id='word_1_333' title='bbox 203 3359 244 3409; x_wconf 88' lang='lat' dir='ltr'>pr.</span> <span class='ocrx_word' id='word_1_334' title='bbox 260 3342 297 3393; x_wconf 89' lang='lat' dir='ltr'>ad</span> <span class='ocrx_word' id='word_1_335' title='bbox 316 3342 341 3395; x_wconf 92' lang='lat' dir='ltr'>d.</span> <span class='ocrx_word' id='word_1_336' title='bbox 357 3343 405 3410; x_wconf 92' lang='grc' dir='ltr'>ΡΙΙ</span> <span class='ocrx_word' id='word_1_337' title='bbox 420 3346 452 3394; x_wconf 81' lang='lat'>17</span> <span class='ocrx_word' id='word_1_338' title='bbox 472 3345 537 3409; x_wconf 83' lang='lat' dir='ltr'>post</span> <span class='ocrx_word' id='word_1_339' title='bbox 555 3358 604 3396; x_wconf 81' lang='lat' dir='ltr'>om.</span> <span class='ocrx_word' id='word_1_340' title='bbox 620 3342 648 3394; x_wconf 93' lang='lat' dir='ltr'><strong><em>A</em></strong></span> <span class='ocrx_word' id='word_1_341' title='bbox 664 3340 668 3411; x_wconf 94' lang='grc' dir='ltr'>Ι</span> <span class='ocrx_word' id='word_1_342' title='bbox 685 3343 844 3408; x_wconf 85' lang='lat' dir='ltr'>exemptam</span> <span class='ocrx_word' id='word_1_343' title='bbox 862 3339 997 3410; x_wconf 72' lang='lat' dir='ltr'>sagittam</span> <span class='ocrx_word' id='word_1_344' title='bbox 1015 3341 1043 3394; x_wconf 94' lang='lat' dir='ltr'><em>P</em></span> <span class='ocrx_word' id='word_1_345' title='bbox 1066 3343 1069 3407; x_wconf 97' lang='grc' dir='ltr'>Ι</span> <span class='ocrx_word' id='word_1_346' title='bbox 1095 3356 1159 3392; x_wconf 88' lang='lat' dir='ltr'>oon-</span> 
     </span>
     <span class='ocr_line' id='line_1_36' title="bbox 148 3410 1162 3484; baseline -0.001 -20"><span class='ocrx_word' id='word_1_347' title='bbox 148 3412 267 3465; x_wconf 87' lang='lat' dir='ltr'>tinalem</span> <span class='ocrx_word' id='word_1_348' title='bbox 289 3429 383 3484; x_wconf 76' lang='lat' dir='ltr'>morpo</span> <span class='ocrx_word' id='word_1_349' title='bbox 409 3411 444 3464; x_wconf 76' lang='lat' dir='ltr'>sl.</span> <span class='ocrx_word' id='word_1_350' title='bbox 467 3411 694 3484; x_wconf 23' lang='lat' dir='ltr'>centimalemlA</span> <span class='ocrx_word' id='word_1_351' title='bbox 713 3411 882 3465; x_wconf 83' lang='lat' dir='ltr'>centinalem</span> <span class='ocrx_word' id='word_1_352' title='bbox 908 3412 936 3464; x_wconf 94' lang='lat' dir='ltr'><em>P</em></span> <span class='ocrx_word' id='word_1_353' title='bbox 955 3410 1109 3480; x_wconf 84' lang='lat' dir='ltr'>gentialem</span> <span class='ocrx_word' id='word_1_354' title='bbox 1132 3411 1162 3463; x_wconf 85' lang='lat' dir='ltr'><strong><em>F</em></strong></span> 
     </span>
     <span class='ocr_line' id='line_1_37' title="bbox 149 3483 1158 3555; baseline -0.002 -20"><span class='ocrx_word' id='word_1_355' title='bbox 149 3483 328 3537; x_wconf 85' lang='lat' dir='ltr'>centimalem</span> <span class='ocrx_word' id='word_1_356' title='bbox 346 3485 418 3555; x_wconf 73' lang='lat' dir='ltr'>culp.</span> <span class='ocrx_word' id='word_1_357' title='bbox 433 3485 468 3550; x_wconf 85' lang='lat' dir='ltr'>cf.</span> <span class='ocrx_word' id='word_1_358' title='bbox 488 3484 713 3553; x_wconf 74' lang='lat' dir='ltr'>Ve9.1189,4u</span> <span class='ocrx_word' id='word_1_359' title='bbox 732 3489 763 3536; x_wconf 87' lang='grc'>19</span> <span class='ocrx_word' id='word_1_360' title='bbox 783 3498 833 3551; x_wconf 90' lang='lat' dir='ltr'>per</span> <span class='ocrx_word' id='word_1_361' title='bbox 851 3499 936 3549; x_wconf 86' lang='lat' dir='ltr'>quum</span> <span class='ocrx_word' id='word_1_362' title='bbox 954 3499 1003 3536; x_wconf 82' lang='lat' dir='ltr'>om.</span> <span class='ocrx_word' id='word_1_363' title='bbox 1019 3483 1046 3536; x_wconf 91' lang='lat' dir='ltr'><strong><em>A</em></strong></span> <span class='ocrx_word' id='word_1_364' title='bbox 1064 3498 1114 3551; x_wconf 90' lang='lat' dir='ltr'>per</span> <span class='ocrx_word' id='word_1_365' title='bbox 1132 3499 1158 3548; x_wconf 88' lang='lat' dir='ltr'>q.</span> 
     </span>
     <span class='ocr_line' id='line_1_38' title="bbox 149 3551 1160 3624; baseline -0.004 -18"><span class='ocrx_word' id='word_1_366' title='bbox 149 3553 273 3607; x_wconf 88' lang='lat' dir='ltr'>fistulam</span> <span class='ocrx_word' id='word_1_367' title='bbox 287 3557 314 3608; x_wconf 94' lang='lat' dir='ltr'><em>P</em></span> <span class='ocrx_word' id='word_1_368' title='bbox 325 3558 335 3624; x_wconf 95' lang='grc' dir='ltr'>ΙΙ</span> <span class='ocrx_word' id='word_1_369' title='bbox 349 3560 383 3607; x_wconf 80' lang='lat'>20</span> <span class='ocrx_word' id='word_1_370' title='bbox 400 3558 428 3608; x_wconf 89' lang='lat' dir='ltr'>et</span> <span class='ocrx_word' id='word_1_371' title='bbox 446 3571 495 3608; x_wconf 80' lang='lat' dir='ltr'>om.</span> <span class='ocrx_word' id='word_1_372' title='bbox 512 3556 574 3608; x_wconf 90' lang='lat' dir='ltr'>AF</span> <span class='ocrx_word' id='word_1_373' title='bbox 588 3557 591 3623; x_wconf 98' lang='grc' dir='ltr'>Ι</span> <span class='ocrx_word' id='word_1_374' title='bbox 608 3553 726 3622; x_wconf 90' lang='lat' dir='ltr'>limpido</span> <span class='ocrx_word' id='word_1_375' title='bbox 745 3555 784 3608; x_wconf 82' lang='lat' dir='ltr'>ed.</span> <span class='ocrx_word' id='word_1_376' title='bbox 795 3572 839 3622; x_wconf 82' lang='lat' dir='ltr'>pr.</span> <span class='ocrx_word' id='word_1_377' title='bbox 854 3553 1003 3622; x_wconf 90' lang='lat' dir='ltr'>limpidum</span> <span class='ocrx_word' id='word_1_378' title='bbox 1017 3555 1080 3607; x_wconf 90' lang='lat' dir='ltr'>AF</span> <span class='ocrx_word' id='word_1_379' title='bbox 1091 3551 1160 3606; x_wconf 91' lang='lat' dir='ltr'>lotci</span> 
     </span>
     <span class='ocr_line' id='line_1_39' title="bbox 150 3622 1161 3694; baseline -0.003 -17"><span class='ocrx_word' id='word_1_380' title='bbox 150 3643 170 3679; x_wconf 87' lang='lat' dir='ltr'>s.</span> <span class='ocrx_word' id='word_1_381' title='bbox 185 3624 334 3694; x_wconf 89' lang='lat' dir='ltr'>limpidum</span> <span class='ocrx_word' id='word_1_382' title='bbox 355 3626 426 3680; x_wconf 77' lang='lat' dir='ltr'>Ulcir.</span> <span class='ocrx_word' id='word_1_383' title='bbox 446 3625 566 3694; x_wconf 74' lang='lat' dir='ltr'>limpido</span> <span class='ocrx_word' id='word_1_384' title='bbox 585 3625 648 3678; x_wconf 75' lang='lat' dir='ltr'>locri</span> <span class='ocrx_word' id='word_1_385' title='bbox 666 3627 703 3680; x_wconf 88' lang='lat' dir='ltr'><strong><em>M</em></strong></span> <span class='ocrx_word' id='word_1_386' title='bbox 714 3625 780 3678; x_wconf 87' lang='lat' dir='ltr'>looli</span> <span class='ocrx_word' id='word_1_387' title='bbox 795 3625 843 3680; x_wconf 69' lang='grc' dir='ltr'>ΜΞ</span> <span class='ocrx_word' id='word_1_388' title='bbox 855 3624 977 3693; x_wconf 87' lang='lat' dir='ltr'>limpidii</span> <span class='ocrx_word' id='word_1_389' title='bbox 996 3623 1063 3676; x_wconf 87' lang='lat' dir='ltr'>locii</span> <span class='ocrx_word' id='word_1_390' title='bbox 1080 3624 1120 3676; x_wconf 83' lang='lat' dir='ltr'>sic</span> <span class='ocrx_word' id='word_1_391' title='bbox 1133 3622 1161 3674; x_wconf 92' lang='lat' dir='ltr'><em>P</em></span> 
     </span>
    </p>
   </div>
   <div class='ocr_carea' id='block_1_10' title="bbox 1312 1199 1325 1232">
    <p class='ocr_par' dir='ltr' id='par_1_10' title="bbox 1312 1199 1325 1232">
     <span class='ocr_line' id='line_1_40' title="bbox 1312 1199 1325 1232; baseline 0 0"><span class='ocrx_word' id='word_1_392' title='bbox 1312 1199 1325 1232; x_wconf 64' lang='lat' dir='ltr'>N</span> 
     </span>
    </p>
   </div>
   <div class='ocr_carea' id='block_1_11' title="bbox 0 0 1355 3920">
    <p class='ocr_par' dir='ltr' id='par_1_11' title="bbox 0 0 1355 3920">
     <span class='ocr_line' id='line_1_41' title="bbox 0 0 1355 3920; baseline 0 0"><span class='ocrx_word' id='word_1_393' title='bbox 0 0 1355 3920; x_wconf 95' lang='lat' dir='ltr'> </span> 
     </span>
    </p>
   </div>
  </div>
 </body>
</html>
