2668 3920
171 153 287 211 xxxvi
563 155 605 210 De
624 153 792 209 auctoribus.

236 324 280 384 Do
302 324 392 382 tertio
422 324 529 392 fonte„
545 319 699 384 Chirone
724 325 757 382 et
778 321 950 398 Apsyrto,
976 322 1118 400 vegetius
1142 324 1185 382 sic

168 413 283 472 iudicat
305 405 412 494 (prsef.
435 409 455 488 ἓ
480 404 528 493 3):
556 413 725 488 ἀιῗιιῗριιιιιιιι
754 415 858 472 emta
879 413 981 471 meaa
1009 412 1185 486 aequoreae

169 505 272 577 iuopia
294 503 492 562 artemonis
514 504 608 576 pistas
630 501 741 562 citime
762 499 1117 575 saepememorati
1139 503 1185 560 a·

169 592 280 665 dicesta
303 594 329 651 et
350 589 474 664 marica
504 594 573 650 sant
600 593 709 650 oruata
756 589 821 648 Hoc
847 589 942 667 igitur
970 590 1049 648 vult:
1078 589 1183 648 melius

170 678 326 756 disponere
348 679 505 738 materiem
528 678 653 738 abistis
679 677 834 738 collectam
861 679 1101 756 elegantioreque
1124 696 1185 738 ser·

170 787 259 830 mono
287 771 423 827 auctare.
463 767 626 827 Videamus
653 769 708 844 qui
734 769 795 827 sint
821 767 873 826 isti
896 769 1039 827 auctores.
1083 767 1185 843 Atque

168 857 369 933 Apsyrtum
393 855 514 932 quidem
544 857 651 916 scimus
679 857 832 932 scripsisse
859 853 1046 936 ἱππιατριιιὸν
1069 854 1185 935 βιβλίον

169 943 221 1006 καὶ
250 943 381 1022 φυσικὸν
407 941 474 1024 περὶ
501 952 560 1004 τῶν
586 943 686 1004 αὐτῶν
713 939 828 1024 ἀλόγων
856 942 1186 1024 (lintheamina

170 1033 272 1113 Peleg.
290 1055 319 1110 p.
334 1035 363 1093 6.
382 1031 457 1094 Mus.
471 1033 563 1092 Rhea.
577 1036 630 1110 47,
645 1025 828 1114 312ssq.).¹)
869 1033 899 1092 Is
917 1032 993 1092 liber
1010 1033 1184 1092 hindamen-

169 1126 236 1186 tum
258 1126 324 1182 erat
344 1123 527 1182 collectionis
554 1121 812 1199 Hippietricorum
838 1121 951 1182 incerto
976 1125 1109 1199 tempore
1132 1114 1183 1202 (cf.

171 1211 256 1272 Odor.
278 1211 353 1272 Mus.
373 1211 465 1271 Rhen.
485 1212 527 1270 45
546 1230 576 1287 p.
596 1203 652 1292 61)
676 1212 781 1271 factae.
824 1210 951 1287 Scripsit
968 1213 1037 1288 post
1059 1231 1084 1270 a.
1104 1212 1184 1271 334:

168 1302 232 1377 ipse
247 1301 327 1360 enim
340 1300 435 1359 uadit
454 1315 516 1360 sese
529 1295 600 1379 [sub
614 1301 684 1377 imp.
699 1298 895 1360 Constantino
910 1294 1006 1379 Suis]
1021 1300 1060 1360 sl
1073 1299 1184 1359 istrum

169 1391 273 1448 eontra
301 1389 454 1449 Sarmates
481 1391 658 1450 militavisse
686 1381 727 1470 (a.
746 1382 946 1471 ssa—334).
995 1387 1091 1458 Quem
1117 1388 1184 1448 imi·

170 1480 252 1538 tatus
269 1478 351 1538 haud
373 1479 418 1537 ita
435 1479 531 1538 multo
553 1480 623 1554 post
639 1476 818 1556 Pelagonius
836 1469 921 1559 (er
942 1499 972 1554 ps
993 1470 1100 1559 lisq.)
1122 1479 1185 1555 epi·

172 1567 319 1626 stolarum
337 1567 434 1626 forma
452 1567 490 1624 ad
505 1567 615 1626 amicos
633 1569 792 1642 praecepta
809 1566 846 1625 de
861 1585 931 1627 eura
945 1585 1088 1643 equorum
1106 1583 1185 1626 com·

167 1655 269 1731 posuit
290 1657 335 1714 ita
353 1659 387 1714 ut
404 1656 570 1732 Apsyrtum
587 1656 776 1731 potissimum
797 1657 954 1732 usurparet
977 1647 1011 1736 (1.
1030 1675 1054 1714 o.
1073 1676 1101 1733 p.
1118 1648 1183 1736 16).

168 1743 348 1821 Pelagonius
366 1745 462 1821 igitur
477 1741 652 1802 ¹Graecum
670 1742 807 1802 adhibuit
825 1745 999 1820 scriptorem
1022 1746 1052 1803 et
1070 1747 1102 1802 in
1125 1762 1185 1804 ser·

169 1851 287 1894 monem
313 1833 442 1892 latinum
469 1834 568 1892 verat.
614 1831 657 1891 At
685 1832 757 1908 quid
782 1835 949 1893 statuamus
977 1832 1013 1891 de
1036 1830 1184 1911 Vegetio?

169 1919 256 1980 (iente
278 1940 338 1982 non
360 1921 491 1997 potuisse
514 1921 600 1980 illum
622 1921 767 1980 iudicium
787 1921 864 1981 illud
887 1922 923 1981 de
940 1939 1075 1981 sermone
1098 1923 1184 1996 feno,

168 2009 227 2069 nisi
244 2010 409 2086 Apsyltum
427 2008 556 2070 habebat
573 2011 689 2069 latine
707 2011 863 2086 scriptum
887 2010 1102 2087 acceditquod
1119 2012 1184 2088 ipse

168 2117 199 2158 se
221 2098 259 2158 de
271 2097 393 2159 Latinis
416 2101 534 2158 tanum
553 2099 724 2162 auctoribus
745 2117 803 2160 sua
825 2099 957 2160 hausisse
979 2099 1057 2158 dixit
1079 2091 1185 2181 (supra

166 2209 195 2264 p.
203 2181 340 2270 XXVII).
363 2188 406 2248 At
414 2207 504 2265 quem
512 2189 626 2248 excutit
635 2191 667 2248 et
676 2188 975 2266 affertesthpsyitus
984 2185 1185 2264 illeGraecus,

169 2280 232 2336 tem
255 2280 422 2355 congruunt
449 2277 487 2336 ed
514 2276 638 2337 verbum
659 2277 810 2354 Apsyrtus
839 2296 962 2356 graecus
988 2280 1018 2338 et
1040 2276 1183 2356 vegetius

169 2365 292 2426 latinus:
307 2367 401 2444 igitur
414 2367 493 2426 inter
505 2366 701 2444 Pelagonium
715 2371 745 2426 et
754 2365 913 2444 Vegetium
927 2367 1056 2427 conicias
1070 2367 1184 2426 factam

168 2472 230 2513 esse
252 2454 336 2514 illam
359 2447 568 2536 vemionem²)‚
593 2457 677 2514 cuius
699 2455 844 2514 horrescit
866 2455 1009 2533 Vegetius
1032 2455 1182 2514 uilitatem

78 2588 84 2602 .
167 2544 310 2602 sermonis
325 2547 355 2602 et
364 2541 551 2618 eloquentiae
560 2535 739 2625 inopiem³);
754 2561 824 2604 sane
834 2544 1089 2618 praefatiunculas
1103 2544 1181 2620 illas,

244 2750 270 2816 1)
288 2747 370 2802 Adde
387 2747 580 2803 testimonium
598 2747 628 2800 in
646 2745 736 2804 lexico
755 2747 878 2816 quodam
899 2747 958 2802 cod.
973 2747 1057 2802 Vind.
1073 2766 1113 2818 gr.
1129 2752 1181 2804 284

168 2835 188 2872 s.
203 2816 255 2872 XV
269 2818 409 2874 servatum
426 2817 578 2890 [Ludwich
596 2817 778 2874 Homerische
792 2817 1042 2875 Batrachomachie
1060 2835 1087 2890 p.
1102 2819 1180 2890 480]:

166 2888 276 2948 10171Ι
294 2891 582 2960 A....philosoptae
603 2907 725 2945 emnam
745 2890 818 2957 ίιιιί,Ι
839 2897 865 2945 et
882 2891 1019 2959 piissimos
1043 2891 1125 2946 turos
1148 2891 1182 2946 dc

166 2961 303 3016 matrina
327 2963 493 3016 cataclismi
517 2962 572 3029 fere
596 2962 718 3016 omnium
747 2962 907 3030 conscripsit
926 2963 1022 3031 potius
1046 2962 1182 3017 diuinitus

167 3047 250 3101 qaam
267 3033 392 3088 hasam.

237 3105 264 3172 2)
283 3100 364 3158 Circa
383 3119 407 3156 a.
422 3119 449 3173 p.
464 3101 527 3158 Ohr.
543 3108 603 3159 sis.

168 3244 254 3313 Hipp.
269 3262 296 3368 ἴ.
314 3251 327 3298 1
348 3245 378 3300 ἐν
398 3236 419 3317 ᾧ
438 3243 554 3318 (βιβλίῳ)
634 3243 798 3316 hainoiens-
815 3243 975 3316 λογιότητα,
994 3243 1063 3298 etse
1081 3244 1133 3314 τὴν
1151 3244 1183 3299 ἐκ

165 3321 216 3383 τῆς
232 3333 267 3370 πε
281 3335 332 3383 ρας
350 3315 472 3386 φυσικὴν
492 3313 637 3388 ἐμπειρίαν
660 3313 808 3386 iniquam.
827 3315 934 3386 legitne
954 3314 1026 3370 hsec
1043 3314 1180 3385 Vegetius

166 3388 195 3440 et
209 3388 358 3455 propterea
370 3387 510 3442 vilitatem
522 3386 659 3442 sermonis
672 3386 853 3456 recognovit?
867 3385 908 3441 De
924 3385 977 3440 teli
991 3387 1125 3440 sermonis
1136 3402 1182 3440 ex·

167 3457 312 3512 cusatione
329 3457 359 3511 in
377 3458 527 3526 prooemiis
546 3457 676 3512 sollemni
693 3456 729 3512 cf.
749 3458 871 3524 Norden,
890 3457 991 3512 Antike
1005 3458 1183 3526 Kanstproec

156 3544 192 3597 p.
207 3531 270 3596 595,
284 3534 309 3583 1.

238 3176 265 3244 3)
284 3173 339 3229 Sed
357 3175 415 3228 iam
433 3175 571 3244 Apsyrtos
595 3173 733 3314 genuinus
756 3173 882 3244 inopiam
899 3175 1035 3229 sermonis
1054 3176 1182 3229 excusat:
1285 3163 1286 3166 ¹

578 3266 597 3316 μ
