<?xml version="1.0" encoding="UTF-8"?>
<!DOCTYPE html PUBLIC "-//W3C//DTD XHTML 1.0 Transitional//EN"
    "http://www.w3.org/TR/xhtml1/DTD/xhtml1-transitional.dtd">
<html xmlns="http://www.w3.org/1999/xhtml" xml:lang="en" lang="en">
 <head>
  <title>
</title>
<meta http-equiv="Content-Type" content="text/html;charset=utf-8" />
  <meta name='ocr-system' content='tesseract 3.04.00' />
  <meta name='ocr-capabilities' content='ocr_page ocr_carea ocr_par ocr_line ocrx_word'/>
</head>
<body>
  <div class='ocr_page' id='page_1' title='image "./pvegetirenatidi02martgoog/pvegetirenatidi02martgoog_0145.png"; bbox 0 0 2682 3920; ppageno 0'>
   <div class='ocr_carea' id='block_1_1' title="bbox 621 203 756 258">
    <p class='ocr_par' dir='ltr' id='par_1_1' title="bbox 621 203 756 258">
     <span class='ocr_line' id='line_1_1' title="bbox 621 203 756 258; baseline -0.022 0"><span class='ocrx_word' id='word_1_1' title='bbox 621 203 756 258; x_wconf 84' lang='lat' dir='ltr'>VEGETI</span> 
     </span>
    </p>
   </div>
   <div class='ocr_carea' id='block_1_2' title="bbox 436 437 849 520">
    <p class='ocr_par' dir='ltr' id='par_1_2' title="bbox 436 437 849 520">
     <span class='ocr_line' id='line_1_2' title="bbox 436 437 849 520; baseline -0.007 -17"><span class='ocrx_word' id='word_1_2' title='bbox 436 475 438 479; x_wconf 94' lang='lat'>·</span> <span class='ocrx_word' id='word_1_3' title='bbox 532 438 601 502; x_wconf 89' lang='grc' dir='ltr'><em>ΙΙΙ.</em></span> <span class='ocrx_word' id='word_1_4' title='bbox 624 437 675 502; x_wconf 86' lang='lat' dir='ltr'>De</span> <span class='ocrx_word' id='word_1_5' title='bbox 694 439 849 520; x_wconf 76' lang='lat' dir='ltr'>frenetico.</span> 
     </span>
    </p>
   </div>
   <div class='ocr_carea' id='block_1_3' title="bbox 107 565 1240 912">
    <p class='ocr_par' dir='ltr' id='par_1_3' title="bbox 107 565 1240 912">
     <span class='ocr_line' id='line_1_3' title="bbox 107 565 1199 644; baseline 0.002 -19"><span class='ocrx_word' id='word_1_6' title='bbox 107 578 238 620; x_wconf 65' lang='lat' dir='ltr'>metcha.</span> <span class='ocrx_word' id='word_1_7' title='bbox 285 565 360 626; x_wconf 76' lang='lat' dir='ltr'>Cum</span> <span class='ocrx_word' id='word_1_8' title='bbox 378 587 448 627; x_wconf 88' lang='lat' dir='ltr'>vero</span> <span class='ocrx_word' id='word_1_9' title='bbox 466 567 597 626; x_wconf 91' lang='lat' dir='ltr'>medium</span> <span class='ocrx_word' id='word_1_10' title='bbox 616 567 767 628; x_wconf 88' lang='lat' dir='ltr'>cerebrum</span> <span class='ocrx_word' id='word_1_11' title='bbox 790 569 924 643; x_wconf 78' lang='lat' dir='ltr'>corrupti</span> <span class='ocrx_word' id='word_1_12' title='bbox 945 566 1098 644; x_wconf 75' lang='lat' dir='ltr'><strong>sanguinis</strong></span> <span class='ocrx_word' id='word_1_13' title='bbox 1117 569 1199 627; x_wconf 86' lang='lat' dir='ltr'>virus</span> 
     </span>
     <span class='ocr_line' id='line_1_4' title="bbox 184 656 1200 732; baseline 0.002 -18"><span class='ocrx_word' id='word_1_14' title='bbox 184 657 331 731; x_wconf 71' lang='lat' dir='ltr'>infecerit,</span> <span class='ocrx_word' id='word_1_15' title='bbox 354 657 467 715; x_wconf 87' lang='lat' dir='ltr'>animal</span> <span class='ocrx_word' id='word_1_16' title='bbox 489 658 666 717; x_wconf 87' lang='lat' dir='ltr'>freneticum</span> <span class='ocrx_word' id='word_1_17' title='bbox 688 656 832 731; x_wconf 78' lang='lat' dir='ltr'>redditur,</span> <span class='ocrx_word' id='word_1_18' title='bbox 855 659 889 714; x_wconf 92' lang='lat' dir='ltr'>ut</span> <span class='ocrx_word' id='word_1_19' title='bbox 911 659 1033 732; x_wconf 86' lang='lat' dir='ltr'>repente</span> <span class='ocrx_word' id='word_1_20' title='bbox 1056 657 1147 716; x_wconf 85' lang='lat' dir='ltr'>saliat</span> <span class='ocrx_word' id='word_1_21' title='bbox 1169 660 1200 716; x_wconf 90' lang='lat' dir='ltr'>et</span> 
     </span>
     <span class='ocr_line' id='line_1_5' title="bbox 185 745 1199 824; baseline 0.002 -20"><span class='ocrx_word' id='word_1_22' title='bbox 185 747 268 805; x_wconf 85' lang='lat' dir='ltr'>velut</span> <span class='ocrx_word' id='word_1_23' title='bbox 291 746 419 823; x_wconf 80' lang='lat' dir='ltr'>effugere</span> <span class='ocrx_word' id='word_1_24' title='bbox 441 746 523 821; x_wconf 81' lang='lat' dir='ltr'>velit,</span> <span class='ocrx_word' id='word_1_25' title='bbox 546 745 712 822; x_wconf 90' lang='lat' dir='ltr'>parietibus</span> <span class='ocrx_word' id='word_1_26' title='bbox 731 764 848 820; x_wconf 89' lang='lat' dir='ltr'>quoque</span> <span class='ocrx_word' id='word_1_27' title='bbox 871 748 1016 820; x_wconf 86' lang='lat' dir='ltr'>tanquam</span> <span class='ocrx_word' id='word_1_28' title='bbox 1038 745 1199 824; x_wconf 83' lang='lat' dir='ltr'>irregibilis</span> 
     </span>
     <span class='ocr_line' id='line_1_6' title="bbox 185 835 1240 912; baseline 0.001 -20"><span class='ocrx_word' id='word_1_29' title='bbox 185 837 335 912; x_wconf 78' lang='lat' dir='ltr'>impingat</span> <span class='ocrx_word' id='word_1_30' title='bbox 357 852 410 892; x_wconf 89' lang='lat' dir='ltr'>nco</span> <span class='ocrx_word' id='word_1_31' title='bbox 432 835 528 910; x_wconf 83' lang='lat' dir='ltr'>possit</span> <span class='ocrx_word' id='word_1_32' title='bbox 549 835 666 893; x_wconf 88' lang='lat' dir='ltr'>ratione</span> <span class='ocrx_word' id='word_1_33' title='bbox 690 835 793 909; x_wconf 90' lang='lat' dir='ltr'>aliqua</span> <span class='ocrx_word' id='word_1_34' title='bbox 815 835 969 893; x_wconf 74' lang='lat' dir='ltr'>contineri.</span> <span class='ocrx_word' id='word_1_35' title='bbox 1226 854 1240 893; x_wconf 82' lang='lat' dir='ltr'>s</span> 
     </span>
    </p>
   </div>
   <div class='ocr_carea' id='block_1_4' title="bbox 506 973 850 1089">
    <p class='ocr_par' dir='ltr' id='par_1_4' title="bbox 506 973 850 1089">
     <span class='ocr_line' id='line_1_7' title="bbox 506 973 850 1089; baseline 0 -2"><span class='ocrx_word' id='word_1_36' title='bbox 506 973 592 1088; x_wconf 62' lang='lat' dir='ltr'>ils.</span> <span class='ocrx_word' id='word_1_37' title='bbox 615 1024 666 1089; x_wconf 86' lang='lat' dir='ltr'>De</span> <span class='ocrx_word' id='word_1_38' title='bbox 688 1025 850 1089; x_wconf 81' lang='lat' dir='ltr'>cardiacis.</span> 
     </span>
    </p>
   </div>
   <div class='ocr_carea' id='block_1_5' title="bbox 106 1151 1338 1660">
    <p class='ocr_par' dir='ltr' id='par_1_5' title="bbox 106 1151 1338 1660">
     <span class='ocr_line' id='line_1_8' title="bbox 106 1151 1200 1231; baseline -0.003 -17"><span class='ocrx_word' id='word_1_39' title='bbox 106 1165 239 1207; x_wconf 65' lang='lat' dir='ltr'>maschu-</span> <span class='ocrx_word' id='word_1_40' title='bbox 285 1151 460 1231; x_wconf 76' lang='lat' dir='ltr'>[Cardiacus</span> <span class='ocrx_word' id='word_1_41' title='bbox 474 1153 500 1213; x_wconf 92' lang='lat' dir='ltr'>is</span> <span class='ocrx_word' id='word_1_42' title='bbox 518 1158 564 1213; x_wconf 90' lang='lat' dir='ltr'>est</span> <span class='ocrx_word' id='word_1_43' title='bbox 582 1155 630 1213; x_wconf 91' lang='lat' dir='ltr'>cui</span> <span class='ocrx_word' id='word_1_44' title='bbox 649 1173 700 1214; x_wconf 94' lang='lat' dir='ltr'>cor</span> <span class='ocrx_word' id='word_1_45' title='bbox 717 1151 821 1230; x_wconf 88' lang='lat' dir='ltr'>dolet]</span> <span class='ocrx_word' id='word_1_46' title='bbox 861 1153 1021 1213; x_wconf 82' lang='lat' dir='ltr'>Gardiacus</span> <span class='ocrx_word' id='word_1_47' title='bbox 1040 1156 1140 1213; x_wconf 87' lang='lat' dir='ltr'>autem</span> <span class='ocrx_word' id='word_1_48' title='bbox 1157 1153 1200 1227; x_wconf 89' lang='lat' dir='ltr'>fit,</span> 
     </span>
     <span class='ocr_line' id='line_1_9' title="bbox 188 1243 1200 1321; baseline -0.001 -20"><span class='ocrx_word' id='word_1_49' title='bbox 188 1245 324 1319; x_wconf 90' lang='lat' dir='ltr'>quotiens</span> <span class='ocrx_word' id='word_1_50' title='bbox 347 1244 501 1321; x_wconf 79' lang='lat' dir='ltr'>sanguinis</span> <span class='ocrx_word' id='word_1_51' title='bbox 523 1243 578 1302; x_wconf 90' lang='lat' dir='ltr'>illa</span> <span class='ocrx_word' id='word_1_52' title='bbox 601 1244 752 1320; x_wconf 87' lang='lat' dir='ltr'>corruptio</span> <span class='ocrx_word' id='word_1_53' title='bbox 771 1244 917 1304; x_wconf 76' lang='lat' dir='ltr'>stomachi</span> <span class='ocrx_word' id='word_1_54' title='bbox 940 1246 971 1301; x_wconf 89' lang='lat' dir='ltr'>ct</span> <span class='ocrx_word' id='word_1_55' title='bbox 992 1243 1122 1303; x_wconf 80' lang='lat' dir='ltr'>thoracis</span> <span class='ocrx_word' id='word_1_56' title='bbox 1145 1244 1200 1300; x_wconf 91' lang='lat' dir='ltr'>im·</span> 
     </span>
     <span class='ocr_line' id='line_1_10' title="bbox 186 1331 1201 1409; baseline -0.002 -19"><span class='ocrx_word' id='word_1_57' title='bbox 186 1334 314 1408; x_wconf 87' lang='lat' dir='ltr'>pleverit</span> <span class='ocrx_word' id='word_1_58' title='bbox 332 1351 422 1391; x_wconf 86' lang='lat' dir='ltr'>venas</span> <span class='ocrx_word' id='word_1_59' title='bbox 447 1331 655 1408; x_wconf 85' lang='lat' dir='ltr'>cerebrumque</span> <span class='ocrx_word' id='word_1_60' title='bbox 678 1332 864 1409; x_wconf 84' lang='lat' dir='ltr'>percusserit,</span> <span class='ocrx_word' id='word_1_61' title='bbox 887 1351 937 1391; x_wconf 91' lang='lat' dir='ltr'>cor</span> <span class='ocrx_word' id='word_1_62' title='bbox 956 1333 1048 1390; x_wconf 87' lang='lat' dir='ltr'>etiam</span> <span class='ocrx_word' id='word_1_63' title='bbox 1065 1331 1201 1408; x_wconf 75' lang='lat' dir='ltr'>pestiferi</span> 
     </span>
     <span class='ocr_line' id='line_1_11' title="bbox 186 1409 1338 1490; baseline 0.001 -11"><span class='ocrx_word' id='word_1_64' title='bbox 186 1422 319 1481; x_wconf 89' lang='lat' dir='ltr'>humoris</span> <span class='ocrx_word' id='word_1_65' title='bbox 341 1422 408 1481; x_wconf 87' lang='lat' dir='ltr'>labe</span> <span class='ocrx_word' id='word_1_66' title='bbox 426 1423 643 1481; x_wconf 84' lang='lat' dir='ltr'>constrinxerit.</span> <span class='ocrx_word' id='word_1_67' title='bbox 690 1421 772 1490; x_wconf 86' lang='lat' dir='ltr'>Quae</span> <span class='ocrx_word' id='word_1_68' title='bbox 793 1421 934 1481; x_wconf 82' lang='lat' dir='ltr'>valetudo</span> <span class='ocrx_word' id='word_1_69' title='bbox 957 1421 1066 1480; x_wconf 81' lang='lat' dir='ltr'>mentis</span> <span class='ocrx_word' id='word_1_70' title='bbox 1089 1421 1201 1480; x_wconf 88' lang='lat' dir='ltr'>aliena·</span> <span class='ocrx_word' id='word_1_71' title='bbox 1215 1441 1243 1480; x_wconf 82' lang='lat' dir='ltr'>ro</span> <span class='ocrx_word' id='word_1_72' title='bbox 1337 1409 1338 1442; x_wconf 56' lang='lat'>³</span> 
     </span>
     <span class='ocr_line' id='line_1_12' title="bbox 187 1508 1200 1586; baseline 0 -18"><span class='ocrx_word' id='word_1_73' title='bbox 187 1513 268 1570; x_wconf 90' lang='lat' dir='ltr'>tione</span> <span class='ocrx_word' id='word_1_74' title='bbox 292 1513 322 1568; x_wconf 89' lang='lat' dir='ltr'>et</span> <span class='ocrx_word' id='word_1_75' title='bbox 351 1512 483 1586; x_wconf 89' lang='lat' dir='ltr'>corporis</span> <span class='ocrx_word' id='word_1_76' title='bbox 513 1509 619 1569; x_wconf 88' lang='lat' dir='ltr'>sudore</span> <span class='ocrx_word' id='word_1_77' title='bbox 646 1512 843 1585; x_wconf 85' lang='lat' dir='ltr'>monstratur,</span> <span class='ocrx_word' id='word_1_78' title='bbox 873 1530 908 1569; x_wconf 87' lang='lat' dir='ltr'>ex</span> <span class='ocrx_word' id='word_1_79' title='bbox 935 1529 995 1586; x_wconf 92' lang='lat' dir='ltr'>qua</span> <span class='ocrx_word' id='word_1_80' title='bbox 1024 1508 1200 1568; x_wconf 87' lang='lat' dir='ltr'>difficillime</span> 
     </span>
     <span class='ocr_line' id='line_1_13' title="bbox 187 1600 360 1660; baseline 0 -3"><span class='ocrx_word' id='word_1_81' title='bbox 187 1600 360 1660; x_wconf 81' lang='lat' dir='ltr'>liberantur.</span> 
     </span>
    </p>
   </div>
   <div class='ocr_carea' id='block_1_6' title="bbox 566 1698 826 1765">
    <p class='ocr_par' dir='ltr' id='par_1_6' title="bbox 566 1698 826 1765">
     <span class='ocr_line' id='line_1_14' title="bbox 566 1698 826 1765; baseline -0.008 -1"><span class='ocrx_word' id='word_1_82' title='bbox 566 1700 599 1764; x_wconf 87' lang='lat' dir='ltr'>V.</span> <span class='ocrx_word' id='word_1_83' title='bbox 623 1698 674 1763; x_wconf 89' lang='lat' dir='ltr'>De</span> <span class='ocrx_word' id='word_1_84' title='bbox 695 1701 826 1765; x_wconf 76' lang='lat' dir='ltr'>rabioso.</span> 
     </span>
    </p>
   </div>
   <div class='ocr_carea' id='block_1_7' title="bbox 106 1827 1337 2554">
    <p class='ocr_par' dir='ltr' id='par_1_7' title="bbox 106 1827 1337 2554">
     <span class='ocr_line' id='line_1_15' title="bbox 106 1827 1202 1904; baseline 0.002 -18"><span class='ocrx_word' id='word_1_85' title='bbox 106 1841 239 1882; x_wconf 74' lang='lat' dir='ltr'>moscha·</span> <span class='ocrx_word' id='word_1_86' title='bbox 285 1827 397 1897; x_wconf 83' lang='lat' dir='ltr'>Quodsi</span> <span class='ocrx_word' id='word_1_87' title='bbox 411 1829 547 1904; x_wconf 86' lang='lat' dir='ltr'>apiosum</span> <span class='ocrx_word' id='word_1_88' title='bbox 565 1829 672 1888; x_wconf 91' lang='lat' dir='ltr'>similis</span> <span class='ocrx_word' id='word_1_89' title='bbox 690 1831 789 1904; x_wconf 86' lang='lat' dir='ltr'>passio</span> <span class='ocrx_word' id='word_1_90' title='bbox 807 1829 939 1888; x_wconf 86' lang='lat' dir='ltr'>thoracis</span> <span class='ocrx_word' id='word_1_91' title='bbox 953 1831 1109 1904; x_wconf 85' lang='lat' dir='ltr'>invenerit,</span> <span class='ocrx_word' id='word_1_92' title='bbox 1128 1831 1202 1888; x_wconf 78' lang='lat' dir='ltr'>iacit</span> 
     </span>
     <span class='ocr_line' id='line_1_16' title="bbox 188 1917 1243 1979; baseline 0.003 -3"><span class='ocrx_word' id='word_1_93' title='bbox 188 1919 328 1977; x_wconf 87' lang='lat' dir='ltr'>continue</span> <span class='ocrx_word' id='word_1_94' title='bbox 358 1917 518 1977; x_wconf 90' lang='lat' dir='ltr'>rabiosum.</span> <span class='ocrx_word' id='word_1_95' title='bbox 564 1918 609 1976; x_wconf 81' lang='lat' dir='ltr'>Ex</span> <span class='ocrx_word' id='word_1_96' title='bbox 639 1917 744 1976; x_wconf 89' lang='lat' dir='ltr'>ardore</span> <span class='ocrx_word' id='word_1_97' title='bbox 773 1919 853 1976; x_wconf 85' lang='lat' dir='ltr'>enirn</span> <span class='ocrx_word' id='word_1_98' title='bbox 882 1917 974 1977; x_wconf 89' lang='lat' dir='ltr'>nimie</span> <span class='ocrx_word' id='word_1_99' title='bbox 1004 1920 1141 1979; x_wconf 85' lang='lat' dir='ltr'>iocinoris</span> <span class='ocrx_word' id='word_1_100' title='bbox 1171 1921 1202 1978; x_wconf 92' lang='lat' dir='ltr'>et</span> <span class='ocrx_word' id='word_1_101' title='bbox 1216 1939 1243 1979; x_wconf 75' lang='lat'>1⁵</span> 
     </span>
     <span class='ocr_line' id='line_1_17' title="bbox 188 2007 1257 2085; baseline -0.004 -19"><span class='ocrx_word' id='word_1_102' title='bbox 188 2008 342 2085; x_wconf 79' lang='lat' dir='ltr'>sanguinis</span> <span class='ocrx_word' id='word_1_103' title='bbox 364 2025 458 2066; x_wconf 85' lang='lat' dir='ltr'>venae</span> <span class='ocrx_word' id='word_1_104' title='bbox 476 2007 573 2067; x_wconf 91' lang='lat' dir='ltr'>cordis</span> <span class='ocrx_word' id='word_1_105' title='bbox 591 2009 736 2082; x_wconf 87' lang='lat' dir='ltr'>nervique</span> <span class='ocrx_word' id='word_1_106' title='bbox 754 2008 974 2082; x_wconf 83' lang='lat' dir='ltr'>praefocantur,</span> <span class='ocrx_word' id='word_1_107' title='bbox 997 2026 1110 2083; x_wconf 86' lang='lat' dir='ltr'>exque</span> <span class='ocrx_word' id='word_1_108' title='bbox 1133 2027 1202 2068; x_wconf 88' lang='lat' dir='ltr'>ocn-</span> <span class='ocrx_word' id='word_1_109' title='bbox 1252 2051 1257 2062; x_wconf 85' lang='lat'><em>.</em></span> 
     </span>
     <span class='ocr_line' id='line_1_18' title="bbox 188 2095 1203 2172; baseline 0.002 -17"><span class='ocrx_word' id='word_1_110' title='bbox 188 2097 341 2156; x_wconf 85' lang='lat' dir='ltr'>strictione</span> <span class='ocrx_word' id='word_1_111' title='bbox 370 2095 406 2154; x_wconf 90' lang='lat' dir='ltr'>fit</span> <span class='ocrx_word' id='word_1_112' title='bbox 428 2095 513 2154; x_wconf 92' lang='lat' dir='ltr'>dolor</span> <span class='ocrx_word' id='word_1_113' title='bbox 541 2097 637 2172; x_wconf 86' lang='lat' dir='ltr'>ipsius</span> <span class='ocrx_word' id='word_1_114' title='bbox 664 2097 723 2155; x_wconf 94' lang='lat' dir='ltr'>loci</span> <span class='ocrx_word' id='word_1_115' title='bbox 752 2096 956 2172; x_wconf 84' lang='lat' dir='ltr'>usqueadeo,</span> <span class='ocrx_word' id='word_1_116' title='bbox 985 2099 1019 2155; x_wconf 89' lang='lat' dir='ltr'>ut</span> <span class='ocrx_word' id='word_1_117' title='bbox 1041 2097 1203 2157; x_wconf 90' lang='lat' dir='ltr'>mordendo</span> 
     </span>
     <span class='ocr_line' id='line_1_19' title="bbox 154 2184 1203 2260; baseline 0.001 -16"><span class='ocrx_word' id='word_1_118' title='bbox 154 2189 219 2244; x_wconf 69' lang='lat' dir='ltr'>isc</span> <span class='ocrx_word' id='word_1_119' title='bbox 248 2184 391 2245; x_wconf 89' lang='lat' dir='ltr'>comedat.</span> <span class='ocrx_word' id='word_1_120' title='bbox 440 2185 485 2242; x_wconf 76' lang='lat' dir='ltr'>cx</span> <span class='ocrx_word' id='word_1_121' title='bbox 520 2185 627 2260; x_wconf 92' lang='lat' dir='ltr'>quibus</span> <span class='ocrx_word' id='word_1_122' title='bbox 660 2185 881 2244; x_wconf 83' lang='lat' dir='ltr'>valetudinibus</span> <span class='ocrx_word' id='word_1_123' title='bbox 914 2189 940 2244; x_wconf 93' lang='lat' dir='ltr'>si</span> <span class='ocrx_word' id='word_1_124' title='bbox 970 2186 1083 2244; x_wconf 84' lang='lat' dir='ltr'>animal</span> <span class='ocrx_word' id='word_1_125' title='bbox 1112 2186 1203 2245; x_wconf 84' lang='lat' dir='ltr'>firerit</span> 
     </span>
     <span class='ocr_line' id='line_1_20' title="bbox 187 2274 1203 2350; baseline 0.001 -18"><span class='ocrx_word' id='word_1_126' title='bbox 187 2274 348 2334; x_wconf 88' lang='lat' dir='ltr'>liberatum</span> <span class='ocrx_word' id='word_1_127' title='bbox 377 2277 407 2333; x_wconf 91' lang='lat' dir='ltr'>et</span> <span class='ocrx_word' id='word_1_128' title='bbox 435 2276 503 2350; x_wconf 89' lang='lat' dir='ltr'>post</span> <span class='ocrx_word' id='word_1_129' title='bbox 533 2276 718 2334; x_wconf 88' lang='lat' dir='ltr'>curationem</span> <span class='ocrx_word' id='word_1_130' title='bbox 748 2274 850 2349; x_wconf 90' lang='lat' dir='ltr'>aliqua</span> <span class='ocrx_word' id='word_1_131' title='bbox 878 2293 947 2350; x_wconf 90' lang='lat' dir='ltr'>pars</span> <span class='ocrx_word' id='word_1_132' title='bbox 977 2275 1089 2334; x_wconf 87' lang='lat' dir='ltr'>cerebri</span> <span class='ocrx_word' id='word_1_133' title='bbox 1111 2276 1203 2334; x_wconf 77' lang='lat' dir='ltr'>frierit</span> 
     </span>
     <span class='ocr_line' id='line_1_21' title="bbox 187 2362 1337 2440; baseline -0.003 -19"><span class='ocrx_word' id='word_1_134' title='bbox 187 2365 346 2421; x_wconf 87' lang='lat' dir='ltr'>imminuta</span> <span class='ocrx_word' id='word_1_135' title='bbox 376 2364 424 2421; x_wconf 81' lang='lat' dir='ltr'>rel</span> <span class='ocrx_word' id='word_1_136' title='bbox 453 2365 553 2421; x_wconf 89' lang='lat' dir='ltr'>tumor</span> <span class='ocrx_word' id='word_1_137' title='bbox 583 2363 777 2437; x_wconf 84' lang='lat' dir='ltr'>subcreverit,</span> <span class='ocrx_word' id='word_1_138' title='bbox 805 2364 941 2439; x_wconf 89' lang='lat' dir='ltr'>ineptum</span> <span class='ocrx_word' id='word_1_139' title='bbox 969 2362 1135 2440; x_wconf 86' lang='lat' dir='ltr'>iumentum</span> <span class='ocrx_word' id='word_1_140' title='bbox 1157 2363 1201 2440; x_wconf 92' lang='lat' dir='ltr'>pi·</span> <span class='ocrx_word' id='word_1_141' title='bbox 1216 2383 1245 2422; x_wconf 82' lang='lat' dir='ltr'>ao</span> <span class='ocrx_word' id='word_1_142' title='bbox 1336 2403 1337 2418; x_wconf 39' lang='lat'>1</span> 
     </span>
     <span class='ocr_line' id='line_1_22' title="bbox 189 2451 1336 2554; baseline 0.002 -45"><span class='ocrx_word' id='word_1_143' title='bbox 189 2471 333 2528; x_wconf 82' lang='lat' dir='ltr'>grumque</span> <span class='ocrx_word' id='word_1_144' title='bbox 360 2451 508 2524; x_wconf 64' lang='lat' dir='ltr'>redditum</span> <span class='ocrx_word' id='word_1_145' title='bbox 541 2455 571 2510; x_wconf 89' lang='lat' dir='ltr'>et</span> <span class='ocrx_word' id='word_1_146' title='bbox 600 2454 632 2510; x_wconf 92' lang='lat' dir='ltr'>in</span> <span class='ocrx_word' id='word_1_147' title='bbox 661 2453 716 2510; x_wconf 89' lang='lat' dir='ltr'>illa</span> <span class='ocrx_word' id='word_1_148' title='bbox 745 2455 830 2528; x_wconf 90' lang='lat' dir='ltr'>parte</span> <span class='ocrx_word' id='word_1_149' title='bbox 861 2453 981 2528; x_wconf 84' lang='lat' dir='ltr'>capitis,</span> <span class='ocrx_word' id='word_1_150' title='bbox 1014 2451 1066 2510; x_wconf 92' lang='lat' dir='ltr'>ubi</span> <span class='ocrx_word' id='word_1_151' title='bbox 1094 2453 1203 2511; x_wconf 82' lang='lat' dir='ltr'>vitium</span> <span class='ocrx_word' id='word_1_152' title='bbox 1334 2465 1336 2554; x_wconf 93' lang='grc'>1</span> 
     </span>
    </p>
   </div>
   <div class='ocr_carea' id='block_1_8' title="bbox 190 2600 1335 2727">
    <p class='ocr_par' dir='ltr' id='par_1_8' title="bbox 190 2600 1335 2727">
     <span class='ocr_line' id='line_1_23' title="bbox 261 2600 1148 2658; baseline 0.005 -4"><span class='ocrx_word' id='word_1_153' title='bbox 261 2607 276 2654; x_wconf 77' lang='lat'>2</span> <span class='ocrx_word' id='word_1_154' title='bbox 296 2601 369 2655; x_wconf 80' lang='lat' dir='ltr'>Ghir.</span> <span class='ocrx_word' id='word_1_155' title='bbox 384 2618 407 2655; x_wconf 89' lang='lat' dir='ltr'>c.</span> <span class='ocrx_word' id='word_1_156' title='bbox 423 2606 482 2655; x_wconf 77' lang='lat'><strong>258.</strong></span> <span class='ocrx_word' id='word_1_157' title='bbox 585 2608 599 2655; x_wconf 75' lang='lat'>&#39;1</span> <span class='ocrx_word' id='word_1_158' title='bbox 619 2600 692 2655; x_wconf 84' lang='lat' dir='ltr'>Ohir.</span> <span class='ocrx_word' id='word_1_159' title='bbox 708 2619 730 2656; x_wconf 85' lang='lat' dir='ltr'>c.</span> <span class='ocrx_word' id='word_1_160' title='bbox 746 2608 805 2656; x_wconf 77' lang='lat'>259.</span> <span class='ocrx_word' id='word_1_161' title='bbox 908 2610 941 2656; x_wconf 81' lang='grc'>14</span> <span class='ocrx_word' id='word_1_162' title='bbox 960 2602 1033 2656; x_wconf 85' lang='lat' dir='ltr'>Ghir.</span> <span class='ocrx_word' id='word_1_163' title='bbox 1048 2621 1071 2657; x_wconf 93' lang='lat' dir='ltr'>c.</span> <span class='ocrx_word' id='word_1_164' title='bbox 1087 2609 1148 2658; x_wconf 77' lang='lat'><strong>260.</strong></span> 
     </span>
     <span class='ocr_line' id='line_1_24' title="bbox 190 2644 1335 2727; baseline 0.004 -2"><span class='ocrx_word' id='word_1_165' title='bbox 190 2672 429 2727; x_wconf 58' lang='lat' dir='ltr'>mmmm.</span> <span class='ocrx_word' id='word_1_166' title='bbox 1332 2644 1335 2700; x_wconf 77' lang='lat'><em>¹</em></span> 
     </span>
    </p>
   </div>
   <div class='ocr_carea' id='block_1_9' title="bbox 190 2815 1204 2957">
    <p class='ocr_par' dir='ltr' id='par_1_9' title="bbox 190 2815 1204 2957">
     <span class='ocr_line' id='line_1_25' title="bbox 261 2815 1203 2888; baseline 0.003 -20"><span class='ocrx_word' id='word_1_167' title='bbox 261 2821 277 2868; x_wconf 75' lang='lat'><strong>2</strong></span> <span class='ocrx_word' id='word_1_168' title='bbox 297 2815 411 2884; x_wconf 75' lang='lat' dir='ltr'>sanguis</span> <span class='ocrx_word' id='word_1_169' title='bbox 431 2817 458 2868; x_wconf 91' lang='lat' dir='ltr'><strong><em>P</em></strong></span> <span class='ocrx_word' id='word_1_170' title='bbox 472 2817 476 2883; x_wconf 98' lang='grc'>1</span> <span class='ocrx_word' id='word_1_171' title='bbox 491 2815 579 2869; x_wconf 86' lang='lat' dir='ltr'>virtus</span> <span class='ocrx_word' id='word_1_172' title='bbox 598 2818 626 2870; x_wconf 98' lang='lat' dir='ltr'><strong><em>A</em></strong></span> <span class='ocrx_word' id='word_1_173' title='bbox 640 2819 679 2886; x_wconf 87' lang='grc'>113</span> <span class='ocrx_word' id='word_1_174' title='bbox 697 2815 875 2870; x_wconf 84' lang='lat' dir='ltr'>infestaverit</span> <span class='ocrx_word' id='word_1_175' title='bbox 893 2819 921 2871; x_wconf 91' lang='lat' dir='ltr'><em>P</em></span> <span class='ocrx_word' id='word_1_176' title='bbox 943 2819 947 2886; x_wconf 98' lang='grc'>1</span> <span class='ocrx_word' id='word_1_177' title='bbox 971 2820 1005 2870; x_wconf 90' lang='lat' dir='ltr'>ut</span> <span class='ocrx_word' id='word_1_178' title='bbox 1023 2818 1062 2887; x_wconf 88' lang='lat' dir='ltr'>(et</span> <span class='ocrx_word' id='word_1_179' title='bbox 1080 2819 1116 2888; x_wconf 86' lang='lat' dir='ltr'>P)</span> <span class='ocrx_word' id='word_1_180' title='bbox 1133 2818 1203 2871; x_wconf 85' lang='lat' dir='ltr'>velit</span> 
     </span>
     <span class='ocr_line' id='line_1_26' title="bbox 190 2888 1204 2957; baseline 0.002 -17"><span class='ocrx_word' id='word_1_181' title='bbox 190 2905 213 2942; x_wconf 92' lang='lat' dir='ltr'>e.</span> <span class='ocrx_word' id='word_1_182' title='bbox 229 2889 294 2942; x_wconf 83' lang='grc' dir='ltr'>ΑΡ.</span> <span class='ocrx_word' id='word_1_183' title='bbox 328 2904 397 2956; x_wconf 77' lang='lat' dir='ltr'>quac</span> <span class='ocrx_word' id='word_1_184' title='bbox 414 2894 573 2955; x_wconf 73' lang='lat' dir='ltr'>sequautur,</span> <span class='ocrx_word' id='word_1_185' title='bbox 592 2888 630 2942; x_wconf 80' lang='lat' dir='ltr'>ad</span> <span class='ocrx_word' id='word_1_186' title='bbox 642 2889 723 2956; x_wconf 74' lang='lat' dir='ltr'>tieem</span> <span class='ocrx_word' id='word_1_187' title='bbox 741 2905 800 2956; x_wconf 82' lang='lat' dir='ltr'>cup.</span> <span class='ocrx_word' id='word_1_188' title='bbox 821 2889 954 2957; x_wconf 66' lang='lat' dir='ltr'>carata</span> <span class='ocrx_word' id='word_1_189' title='bbox 968 2895 1080 2956; x_wconf 76' lang='lat' dir='ltr'>peccat</span> <span class='ocrx_word' id='word_1_190' title='bbox 1097 2889 1204 2955; x_wconf 67' lang='lat' dir='ltr'>APR-</span> 
     </span>
    </p>
   </div>
   <div class='ocr_carea' id='block_1_10' title="bbox 189 2959 1204 3100">
    <p class='ocr_par' dir='ltr' id='par_1_10' title="bbox 189 2959 1204 3100">
     <span class='ocr_line' id='line_1_27' title="bbox 189 2959 1204 3030; baseline 0.001 -18"><span class='ocrx_word' id='word_1_191' title='bbox 189 2959 224 3025; x_wconf 77' lang='lat' dir='ltr'>es.</span> <span class='ocrx_word' id='word_1_192' title='bbox 239 2966 330 3014; x_wconf 77' lang='lat' dir='ltr'>taurea</span> <span class='ocrx_word' id='word_1_193' title='bbox 345 2959 417 3014; x_wconf 75' lang='lat' dir='ltr'>occ.</span> <span class='ocrx_word' id='word_1_194' title='bbox 432 2961 441 3027; x_wconf 96' lang='grc'>11</span> <span class='ocrx_word' id='word_1_195' title='bbox 455 2963 472 3012; x_wconf 76' lang='grc'>4</span> <span class='ocrx_word' id='word_1_196' title='bbox 486 2974 597 3026; x_wconf 86' lang='lat' dir='ltr'>quoque</span> <span class='ocrx_word' id='word_1_197' title='bbox 613 2976 663 3013; x_wconf 86' lang='lat' dir='ltr'>om.</span> <span class='ocrx_word' id='word_1_198' title='bbox 679 2960 718 3014; x_wconf 81' lang='lat' dir='ltr'>ed.</span> <span class='ocrx_word' id='word_1_199' title='bbox 730 2976 775 3028; x_wconf 82' lang='lat' dir='ltr'>pr.</span> <span class='ocrx_word' id='word_1_200' title='bbox 789 2961 798 3028; x_wconf 96' lang='grc'>11</span> <span class='ocrx_word' id='word_1_201' title='bbox 813 2965 828 3012; x_wconf 83' lang='lat' dir='ltr'>t</span> <span class='ocrx_word' id='word_1_202' title='bbox 843 2959 1005 3029; x_wconf 78' lang='lat' dir='ltr'>impingunt</span> <span class='ocrx_word' id='word_1_203' title='bbox 1019 2975 1071 3014; x_wconf 86' lang='lat' dir='ltr'>nec</span> <span class='ocrx_word' id='word_1_204' title='bbox 1084 2962 1204 3030; x_wconf 87' lang='lat' dir='ltr'>possunt</span> 
     </span>
     <span class='ocr_line' id='line_1_28' title="bbox 189 3028 753 3100; baseline 0 -16"><span class='ocrx_word' id='word_1_205' title='bbox 189 3031 217 3084; x_wconf 91' lang='lat' dir='ltr'><strong><em>A</em></strong></span> <span class='ocrx_word' id='word_1_206' title='bbox 233 3030 237 3100; x_wconf 95' lang='grc'>1</span> <span class='ocrx_word' id='word_1_207' title='bbox 252 3028 460 3083; x_wconf 81' lang='lat' dir='ltr'>rationabiliter</span> <span class='ocrx_word' id='word_1_208' title='bbox 479 3031 506 3083; x_wconf 88' lang='lat' dir='ltr'><strong><em>A</em></strong></span> <span class='ocrx_word' id='word_1_209' title='bbox 522 3035 527 3097; x_wconf 92' lang='grc'>1</span> <span class='ocrx_word' id='word_1_210' title='bbox 543 3029 639 3096; x_wconf 90' lang='lat' dir='ltr'>aliqua</span> <span class='ocrx_word' id='word_1_211' title='bbox 656 3047 707 3084; x_wconf 83' lang='lat' dir='ltr'>om.</span> <span class='ocrx_word' id='word_1_212' title='bbox 722 3031 753 3084; x_wconf 83' lang='lat' dir='ltr'><em>F</em></span> 
     </span>
    </p>
   </div>
   <div class='ocr_carea' id='block_1_11' title="bbox 262 3100 1203 3172">
    <p class='ocr_par' dir='ltr' id='par_1_11' title="bbox 262 3100 1203 3172">
     <span class='ocr_line' id='line_1_29' title="bbox 262 3100 1203 3172; baseline 0.002 -18"><span class='ocrx_word' id='word_1_213' title='bbox 262 3100 428 3154; x_wconf 77' lang='lat' dir='ltr'>tcardiace</span> <span class='ocrx_word' id='word_1_214' title='bbox 447 3102 474 3154; x_wconf 96' lang='lat' dir='ltr'><strong><em>P</em></strong></span> <span class='ocrx_word' id='word_1_215' title='bbox 498 3103 508 3169; x_wconf 95' lang='grc'>11</span> <span class='ocrx_word' id='word_1_216' title='bbox 536 3106 620 3155; x_wconf 71' lang='lat' dir='ltr'>tom.</span> <span class='ocrx_word' id='word_1_217' title='bbox 635 3101 721 3167; x_wconf 74' lang='lat' dir='ltr'>codd,</span> <span class='ocrx_word' id='word_1_218' title='bbox 739 3102 819 3156; x_wconf 69' lang='lat' dir='ltr'>liutet</span> <span class='ocrx_word' id='word_1_219' title='bbox 837 3103 876 3156; x_wconf 79' lang='lat' dir='ltr'>ert.</span> <span class='ocrx_word' id='word_1_220' title='bbox 888 3119 932 3169; x_wconf 81' lang='lat' dir='ltr'>pr.</span> <span class='ocrx_word' id='word_1_221' title='bbox 967 3104 971 3171; x_wconf 98' lang='grc'>1</span> <span class='ocrx_word' id='word_1_222' title='bbox 1001 3101 1133 3156; x_wconf 82' lang='lat' dir='ltr'>cardiace</span> <span class='ocrx_word' id='word_1_223' title='bbox 1150 3104 1179 3156; x_wconf 95' lang='lat' dir='ltr'><strong><em>P</em></strong></span> <span class='ocrx_word' id='word_1_224' title='bbox 1194 3102 1203 3172; x_wconf 95' lang='grc'>11</span> 
     </span>
    </p>
   </div>
   <div class='ocr_carea' id='block_1_12' title="bbox 189 3191 1204 3649">
    <p class='ocr_par' dir='ltr' id='par_1_12' title="bbox 189 3191 1203 3437">
     <span class='ocr_line' id='line_1_30' title="bbox 190 3191 1203 3297; baseline 0 -19"><span class='ocrx_word' id='word_1_225' title='bbox 190 3231 206 3278; x_wconf 89' lang='grc'>8</span> <span class='ocrx_word' id='word_1_226' title='bbox 226 3227 254 3278; x_wconf 88' lang='lat' dir='ltr'>et</span> <span class='ocrx_word' id='word_1_227' title='bbox 272 3225 312 3278; x_wconf 90' lang='lat' dir='ltr'>th.</span> <span class='ocrx_word' id='word_1_228' title='bbox 328 3227 355 3279; x_wconf 93' lang='lat' dir='ltr'><strong><em>P</em></strong></span> <span class='ocrx_word' id='word_1_229' title='bbox 368 3226 440 3280; x_wconf 68' lang='lat' dir='ltr'>clar.</span> <span class='ocrx_word' id='word_1_230' title='bbox 455 3224 500 3278; x_wconf 87' lang='lat' dir='ltr'>vel</span> <span class='ocrx_word' id='word_1_231' title='bbox 517 3226 588 3297; x_wconf 74' lang='lat' dir='ltr'>culp.</span> <span class='ocrx_word' id='word_1_232' title='bbox 614 3228 624 3296; x_wconf 97' lang='grc'>11</span> <span class='ocrx_word' id='word_1_233' title='bbox 647 3230 662 3278; x_wconf 81' lang='grc'>9</span> <span class='ocrx_word' id='word_1_234' title='bbox 682 3241 736 3293; x_wconf 89' lang='lat' dir='ltr'>que</span> <span class='ocrx_word' id='word_1_235' title='bbox 755 3242 805 3280; x_wconf 86' lang='lat' dir='ltr'>om.</span> <span class='ocrx_word' id='word_1_236' title='bbox 821 3228 849 3282; x_wconf 94' lang='lat' dir='ltr'><strong><em>P</em></strong></span> <span class='ocrx_word' id='word_1_237' title='bbox 871 3229 875 3297; x_wconf 96' lang='grc'>1</span> <span class='ocrx_word' id='word_1_238' title='bbox 900 3191 1074 3292; x_wconf 75' lang='lat' dir='ltr'>concluderit</span> <span class='ocrx_word' id='word_1_239' title='bbox 1091 3227 1119 3279; x_wconf 98' lang='lat' dir='ltr'><strong><em>A</em></strong></span> <span class='ocrx_word' id='word_1_240' title='bbox 1138 3241 1203 3279; x_wconf 87' lang='lat' dir='ltr'>con-</span> 
     </span>
     <span class='ocr_line' id='line_1_31' title="bbox 190 3294 1203 3367; baseline 0.001 -18"><span class='ocrx_word' id='word_1_241' title='bbox 190 3296 261 3350; x_wconf 89' lang='lat' dir='ltr'>clusi</span> <span class='ocrx_word' id='word_1_242' title='bbox 275 3294 385 3350; x_wconf 89' lang='lat' dir='ltr'>dederit</span> <span class='ocrx_word' id='word_1_243' title='bbox 404 3298 430 3351; x_wconf 77' lang='lat' dir='ltr'><em>G</em></span> <span class='ocrx_word' id='word_1_244' title='bbox 448 3296 619 3350; x_wconf 83' lang='lat' dir='ltr'>concusserit</span> <span class='ocrx_word' id='word_1_245' title='bbox 633 3298 661 3350; x_wconf 94' lang='lat' dir='ltr'><strong><em>P</em></strong></span> <span class='ocrx_word' id='word_1_246' title='bbox 672 3298 681 3365; x_wconf 98' lang='grc'>11</span> <span class='ocrx_word' id='word_1_247' title='bbox 696 3301 730 3348; x_wconf 88' lang='grc'>10</span> <span class='ocrx_word' id='word_1_248' title='bbox 747 3299 845 3366; x_wconf 87' lang='lat' dir='ltr'>perstr.</span> <span class='ocrx_word' id='word_1_249' title='bbox 862 3300 889 3352; x_wconf 94' lang='lat' dir='ltr'><strong><em>P</em></strong></span> <span class='ocrx_word' id='word_1_250' title='bbox 903 3298 907 3367; x_wconf 96' lang='grc'>1</span> <span class='ocrx_word' id='word_1_251' title='bbox 923 3296 1034 3351; x_wconf 86' lang='lat' dir='ltr'>inducit</span> <span class='ocrx_word' id='word_1_252' title='bbox 1045 3314 1082 3350; x_wconf 88' lang='lat' dir='ltr'>m.</span> <span class='ocrx_word' id='word_1_253' title='bbox 1097 3295 1203 3350; x_wconf 86' lang='lat' dir='ltr'>alicna-</span> 
     </span>
     <span class='ocr_line' id='line_1_32' title="bbox 189 3367 1010 3437; baseline 0.004 -17"><span class='ocrx_word' id='word_1_254' title='bbox 189 3367 296 3420; x_wconf 88' lang='lat' dir='ltr'>tionem</span> <span class='ocrx_word' id='word_1_255' title='bbox 314 3367 355 3422; x_wconf 83' lang='lat' dir='ltr'>ed.</span> <span class='ocrx_word' id='word_1_256' title='bbox 364 3383 409 3434; x_wconf 79' lang='lat' dir='ltr'>pr.</span> <span class='ocrx_word' id='word_1_257' title='bbox 424 3369 433 3437; x_wconf 98' lang='grc'>11</span> <span class='ocrx_word' id='word_1_258' title='bbox 449 3374 480 3420; x_wconf 94' lang='grc'>11</span> <span class='ocrx_word' id='word_1_259' title='bbox 501 3383 556 3435; x_wconf 89' lang='lat' dir='ltr'>quo</span> <span class='ocrx_word' id='word_1_260' title='bbox 575 3369 613 3422; x_wconf 81' lang='lat' dir='ltr'>cd.</span> <span class='ocrx_word' id='word_1_261' title='bbox 625 3384 670 3435; x_wconf 80' lang='lat' dir='ltr'>pr.</span> <span class='ocrx_word' id='word_1_262' title='bbox 684 3369 694 3435; x_wconf 95' lang='grc'>11</span> <span class='ocrx_word' id='word_1_263' title='bbox 709 3373 741 3420; x_wconf 76' lang='lat'>12</span> <span class='ocrx_word' id='word_1_264' title='bbox 760 3368 897 3422; x_wconf 88' lang='lat' dir='ltr'>liberatur</span> <span class='ocrx_word' id='word_1_265' title='bbox 915 3370 954 3423; x_wconf 80' lang='lat' dir='ltr'>cd.</span> <span class='ocrx_word' id='word_1_266' title='bbox 965 3385 1010 3436; x_wconf 78' lang='lat' dir='ltr'>pr.</span> 
     </span>
    </p>

    <p class='ocr_par' dir='ltr' id='par_1_13' title="bbox 191 3435 1204 3649">
     <span class='ocr_line' id='line_1_33' title="bbox 207 3435 1204 3508; baseline 0.001 -18"><span class='ocrx_word' id='word_1_267' title='bbox 207 3452 209 3466; x_wconf 90' lang='grc'><strong><em>·</em></strong></span> <span class='ocrx_word' id='word_1_268' title='bbox 263 3441 296 3490; x_wconf 79' lang='lat'>14</span> <span class='ocrx_word' id='word_1_269' title='bbox 314 3435 456 3492; x_wconf 85' lang='lat' dir='ltr'>rabiosum</span> <span class='ocrx_word' id='word_1_270' title='bbox 474 3439 502 3492; x_wconf 92' lang='lat' dir='ltr'><strong><em>A</em></strong></span> <span class='ocrx_word' id='word_1_271' title='bbox 527 3441 531 3506; x_wconf 96' lang='grc'>1</span> <span class='ocrx_word' id='word_1_272' title='bbox 556 3437 640 3491; x_wconf 85' lang='lat' dir='ltr'>simul</span> <span class='ocrx_word' id='word_1_273' title='bbox 658 3439 697 3492; x_wconf 84' lang='lat' dir='ltr'>cd.</span> <span class='ocrx_word' id='word_1_274' title='bbox 707 3455 752 3506; x_wconf 82' lang='lat' dir='ltr'>pr.</span> <span class='ocrx_word' id='word_1_275' title='bbox 779 3442 783 3508; x_wconf 96' lang='grc'>1</span> <span class='ocrx_word' id='word_1_276' title='bbox 808 3439 879 3493; x_wconf 87' lang='lat' dir='ltr'>facit</span> <span class='ocrx_word' id='word_1_277' title='bbox 897 3456 947 3494; x_wconf 82' lang='lat' dir='ltr'>ora.</span> <span class='ocrx_word' id='word_1_278' title='bbox 962 3441 989 3493; x_wconf 92' lang='lat' dir='ltr'><strong><em>A</em></strong></span> <span class='ocrx_word' id='word_1_279' title='bbox 1009 3456 1031 3493; x_wconf 93' lang='lat' dir='ltr'>c.</span> <span class='ocrx_word' id='word_1_280' title='bbox 1045 3458 1067 3492; x_wconf 91' lang='lat' dir='ltr'>r.</span> <span class='ocrx_word' id='word_1_281' title='bbox 1082 3437 1204 3493; x_wconf 72' lang='lat' dir='ltr'>cfficstur</span> 
     </span>
     <span class='ocr_line' id='line_1_34' title="bbox 191 3507 1204 3579; baseline 0.001 -17"><span class='ocrx_word' id='word_1_282' title='bbox 191 3511 239 3578; x_wconf 89' lang='grc' dir='ltr'>Ρ11</span> <span class='ocrx_word' id='word_1_283' title='bbox 253 3513 287 3562; x_wconf 79' lang='grc'>15</span> <span class='ocrx_word' id='word_1_284' title='bbox 304 3507 404 3562; x_wconf 88' lang='lat' dir='ltr'>iccoris</span> <span class='ocrx_word' id='word_1_285' title='bbox 419 3511 447 3563; x_wconf 93' lang='lat' dir='ltr'><strong><em>P</em></strong></span> <span class='ocrx_word' id='word_1_286' title='bbox 461 3508 592 3562; x_wconf 87' lang='lat' dir='ltr'>iocineris</span> <span class='ocrx_word' id='word_1_287' title='bbox 606 3510 634 3563; x_wconf 93' lang='lat' dir='ltr'><strong><em>A</em></strong></span> <span class='ocrx_word' id='word_1_288' title='bbox 647 3511 656 3577; x_wconf 96' lang='grc'>11</span> <span class='ocrx_word' id='word_1_289' title='bbox 671 3514 704 3562; x_wconf 87' lang='grc'>18</span> <span class='ocrx_word' id='word_1_290' title='bbox 723 3509 747 3562; x_wconf 88' lang='lat' dir='ltr'>si</span> <span class='ocrx_word' id='word_1_291' title='bbox 765 3516 791 3564; x_wconf 81' lang='lat' dir='ltr'>et</span> <span class='ocrx_word' id='word_1_292' title='bbox 808 3509 894 3564; x_wconf 84' lang='lat' dir='ltr'>fucrit</span> <span class='ocrx_word' id='word_1_293' title='bbox 911 3527 961 3565; x_wconf 84' lang='lat' dir='ltr'>om.</span> <span class='ocrx_word' id='word_1_294' title='bbox 977 3511 1005 3564; x_wconf 89' lang='lat' dir='ltr'><strong><em>A</em></strong></span> <span class='ocrx_word' id='word_1_295' title='bbox 1018 3514 1028 3579; x_wconf 97' lang='grc'>11</span> <span class='ocrx_word' id='word_1_296' title='bbox 1041 3515 1076 3564; x_wconf 79' lang='lat'>20</span> <span class='ocrx_word' id='word_1_297' title='bbox 1093 3510 1204 3564; x_wconf 88' lang='lat' dir='ltr'>minuta</span> 
     </span>
     <span class='ocr_line' id='line_1_35' title="bbox 191 3580 1046 3649; baseline 0.002 -16"><span class='ocrx_word' id='word_1_298' title='bbox 191 3582 218 3633; x_wconf 93' lang='lat' dir='ltr'><strong><em>A</em></strong></span> <span class='ocrx_word' id='word_1_299' title='bbox 235 3582 238 3649; x_wconf 99' lang='grc'>1</span> <span class='ocrx_word' id='word_1_300' title='bbox 255 3580 383 3648; x_wconf 88' lang='lat' dir='ltr'>inceptus</span> <span class='ocrx_word' id='word_1_301' title='bbox 402 3581 429 3633; x_wconf 91' lang='lat' dir='ltr'><strong><em>A</em></strong></span> <span class='ocrx_word' id='word_1_302' title='bbox 443 3581 452 3649; x_wconf 97' lang='grc'>11</span> <span class='ocrx_word' id='word_1_303' title='bbox 466 3585 498 3632; x_wconf 78' lang='lat'>21</span> <span class='ocrx_word' id='word_1_304' title='bbox 519 3595 573 3646; x_wconf 89' lang='lat' dir='ltr'>que</span> <span class='ocrx_word' id='word_1_305' title='bbox 591 3596 641 3633; x_wconf 85' lang='lat' dir='ltr'>om.</span> <span class='ocrx_word' id='word_1_306' title='bbox 657 3580 684 3632; x_wconf 91' lang='lat' dir='ltr'><strong><em>A</em></strong></span> <span class='ocrx_word' id='word_1_307' title='bbox 701 3581 704 3648; x_wconf 99' lang='grc'>1</span> <span class='ocrx_word' id='word_1_308' title='bbox 720 3580 854 3634; x_wconf 87' lang='lat' dir='ltr'>reddetur</span> <span class='ocrx_word' id='word_1_309' title='bbox 872 3582 900 3634; x_wconf 94' lang='lat' dir='ltr'><strong><em>P</em></strong></span> <span class='ocrx_word' id='word_1_310' title='bbox 914 3583 917 3647; x_wconf 98' lang='grc'>1</span> <span class='ocrx_word' id='word_1_311' title='bbox 933 3597 998 3649; x_wconf 84' lang='lat' dir='ltr'>pars</span> <span class='ocrx_word' id='word_1_312' title='bbox 1018 3583 1046 3635; x_wconf 94' lang='lat' dir='ltr'><strong><em>P</em></strong></span> 
     </span>
    </p>
   </div>
   <div class='ocr_carea' id='block_1_13' title="bbox 0 0 1355 3920">
    <p class='ocr_par' dir='ltr' id='par_1_14' title="bbox 0 0 1355 3920">
     <span class='ocr_line' id='line_1_36' title="bbox 0 0 1355 3920; baseline 0 0"><span class='ocrx_word' id='word_1_313' title='bbox 0 0 1355 3920; x_wconf 95' lang='lat' dir='ltr'> </span> 
     </span>
    </p>
   </div>
  </div>
 </body>
</html>
