2952 3922
257 219 324 284 282
700 219 836 274 rusam

257 391 340 466 mum
369 407 463 464 aquae
494 390 525 446 et
552 407 612 447 una
642 392 727 448 nocte
756 389 810 448 sub
838 389 908 450 diro
938 409 1057 450 manere
1081 391 1217 466 patieris,
1249 393 1281 449 61

256 478 326 537 inde
344 477 445 537 ieiuno
463 478 534 537 bovi
552 479 736 553 tepefactum
754 480 960 554 pertriduum
979 480 1113 558 singulos
1133 481 1279 539 sextarios

256 567 355 642 dabis3
383 586 459 642 quae
482 569 565 642 potio
590 567 628 626 ad
651 568 820 646 stagnanda
847 569 990 627 animalia
1014 572 1120 645 quater
1142 571 1175 627 in
1198 588 1278 628 auno

256 656 394 716 iacienda
417 659 462 715 est
480 657 595 716 ultimis
613 656 797 734 temporibus
819 659 906 730 verte,
931 659 1061 733 aestatis,
1086 660 1223 717 autumni
1247 661 1279 717 et

222 746 370 804 7hiemis.
403 745 522 804 Morbos
543 746 803 824 aegritudinesque
822 747 959 823 depellit:
982 749 1043 806 tres
1062 748 1165 806 uncias
1188 747 1278 806 baca·
1306 767 1321 808 5

255 855 323 892 rum
344 835 439 908 lauri,
462 836 633 912 gentianae,
658 835 866 895 aristolochiae
890 835 1010 913 longae,
1040 855 1172 910 murrae,
1194 837 1278 895 beto·

255 925 340 982 nicae
364 925 592 1002 diligentissime
622 924 722 984 detero
753 927 783 983 61
812 927 903 984 misce
931 943 999 983 cum
1028 944 1124 999 mcr03
1154 943 1189 984 ex
1217 945 1277 1002 quo

220 1015 240 1071 8
255 1015 351 1072 trinas
369 1014 504 1071 heminas
522 1014 624 1072 triduo
643 1015 755 1091 iugiter
772 1015 906 1074 iumento
920 1033 974 1089 per
992 1033 1024 1073 os
1039 1014 1132 1076 dabis.
1170 1014 1278 1091 Spicae

256 1121 373 1178 quoque
404 1102 458 1161 alii
487 1103 578 1160 tritae
596 1120 673 1160 ‚cum
703 1104 773 1162 rino
805 1123 860 1178 per
888 1122 974 1163 nares
1003 1105 1121 1162 infusae
1145 1107 1278 1182 purgant
1393 1159 1394 1166 ,

255 1193 355 1267 capita
384 1192 594 1251 iumentorum.
646 1191 710 1251 Ova
740 1192 831 1250 cruda
861 1211 928 1251 cum
958 1192 1045 1251 melle
1074 1195 1277 1252 iumentorum
1291 1216 1320 1254 ro

254 1279 389 1340 faucibus
413 1282 597 1357 inseruntur,
626 1283 716 1357 atque
739 1283 784 1339 ita
806 1281 962 1341 fastidium
987 1301 1156 1358 nauseaquo
1180 1282 1277 1342 discu-

254 1371 337 1428 titur.
384 1369 514 1444 Expedit
541 1373 642 1428 tamen
672 1371 747 1430 sales
777 1370 897 1446 pabulis
925 1372 1061 1445 miscere,
1091 1371 1278 1430 marrubium

220 1463 371 1534 9quoque
394 1460 501 1517 tritum
524 1478 610 1517 mane
634 1477 702 1517 cum
732 1459 796 1519 olco
819 1462 950 1535 vinoque
973 1459 1145 1519 diffundere.
1187 1461 1277 1520 Turis

254 1549 347 1605 etiam
369 1547 522 1623 pulverem
553 1566 620 1606 cum
650 1567 731 1608 mero
761 1549 824 1608 sive
854 1569 907 1624 per
936 1567 1022 1608 nares
1052 1549 1189 1608 inieceris
1213 1551 1276 1609 sire

253 1656 308 1710 per
337 1653 368 1694 os
399 1636 527 1711 dederis,
558 1637 686 1712 prodest.
734 1637 797 1696 Nec
826 1639 955 1696 minores
987 1638 1150 1698 medicinas
1180 1638 1275 1699 bobus
1290 1659 1317 1700 1⁵

253 1725 335 1784 horti
360 1727 447 1800 copia
476 1725 698 1784 subministrat:
727 1745 799 1784 nam
828 1745 946 1801 porros,
975 1729 1089 1800 rutam,
1119 1729 1222 1803 apium
1246 1729 1277 1787 et
1393 1725 1394 1734 ’

253 1813 377 1873 herbam
407 1812 550 1872 Sabinam
579 1813 604 1874 si
635 1816 701 1890 quis
731 1816 814 1893 large
844 1815 960 1875 deterat
992 1819 1022 1898 et
1051 1818 1176 1876 misceat
1204 1817 1275 1876 rino

253 1906 412 1978 ternasque
442 1904 576 1962 heminas
604 1903 746 1980 praebeat
772 1905 810 1963 ad
839 1905 1018 1979 potandum,
1049 1906 1275 1983 aegrotantibus

197 1996 238 2052 10
253 1992 399 2051 subvenit.
445 1991 573 2051 Plurimi
595 1993 710 2051 caulem
729 1995 799 2052 vitis
824 1993 909 2052 albae
929 1996 1077 2054 concisam
1101 1997 1191 2070 atque
1214 2014 1274 2056 ser·

253 2082 370 2157 pyllum
400 2084 430 2140 et
460 2083 586 2157 squillae
616 2085 734 2157 partem
763 2084 796 2141 in
826 2102 904 2159 aqua
931 2086 1084 2142 macerant
1114 2087 1274 2161 ternasque
1288 2106 1317 2146 ro

253 2171 387 2230 heminas
406 2190 460 2246 per
479 2171 616 2230 'triduum
635 2171 787 2249 digerunt3
812 2192 887 2248 quae
906 2175 990 2247 potio
1011 2176 1144 2232 ventrem
1163 2177 1276 2252 purgat
1393 2191 1394 2194 ’

197 2264 235 2319 11
253 2261 391 2335 viresque
415 2259 578 2319 confirmat.
624 2258 672 2318 Ad
694 2263 814 2321 interna
837 2264 938 2321 autem
961 2263 1093 2321 curanda
1115 2263 1275 2339 praecipue

254 2367 375 2407 amurca
398 2349 529 2408 creditur
552 2350 701 2424 salutaris,
727 2352 753 2408 si
775 2350 954 2409 tantundem
977 2369 1072 2426 aquae
1095 2353 1220 2410 misceas
1244 2354 1275 2410 et

253 2438 367 2496 animal
398 2437 498 2497 bibere
531 2441 711 2498 consuescat.
761 2439 819 2497 Sed
848 2440 920 2514 quia
950 2440 1022 2498 licet
1052 2439 1137 2500 sitiat
1167 2443 1274 2516 potum

326 2685 340 2732 1
360 2695 473 2732 manere
492 2678 605 2732 dimitte
624 2681 652 2733 P
683 2681 687 2744 Ι
726 2681 755 2734 61
773 2679 840 2734 iude
858 2696 1027 2748 unoquoque
1046 2679 1112 2734 bovi
1130 2680 1274 2750 tepefacto

252 2751 292 2804 cd.
304 2767 349 2819 pr.
365 2751 393 2804 A
412 2753 441 2803 et
453 2749 548 2804 ieiuno
567 2749 632 2803 bovi
648 2750 777 2818 tepidum
792 2753 820 2805 P
848 2753 858 2820 ΙΙ
890 2750 1006 2805 2binos
1026 2754 1094 2804 sext.
1110 2754 1138 2806 P
1167 2754 1176 2821 ΙΙ
1209 2755 1274 2806 oet

252 2821 293 2875 sic
313 2839 349 2875 m.
370 2836 411 2876 ae.
434 2837 488 2889 que
513 2820 627 2890 repellit
646 2823 674 2875 P
703 2824 711 2890 ΙΙ
744 2827 890 2876 bmurrae
916 2822 1016 2876 enulae
1041 2823 1097 2877 bet.
1119 2823 1274 2894 diiigenter

251 2895 311 2947 tere
331 2894 408 2961 Plll
429 2909 493 2946 cum
510 2892 1105 2964 ιιι-9111166661Ρ118111161166ΑΙΙ
1129 2899 1228 2949 9611111
1246 2912 1271 2948 v.

252 2981 363 3032 quoque
382 2965 423 3019 cd.
434 2983 479 3034 pr.
495 2966 523 3018 A
539 2967 542 3031 Ι
559 2963 683 3018 infusum
702 2967 807 3034 purgat
826 2967 911 3035 caput
926 2965 1046 3020 iumenti
1059 2968 1088 3020 P
1099 2970 1108 3035 11
1124 2971 1157 3019 10
1176 2964 1273 3020 iuven·

252 3053 348 3089 corum
367 3037 395 3090 A
413 3052 437 3090 o.
454 3053 477 3089 c.
496 3035 621 3089 iuvencis
634 3034 737 3089 ieiunis
757 3036 825 3089 data
843 3036 991 3090 fastidium
1005 3053 1196 3106 nauseamque
1215 3037 1271 3090 dis-

252 3106 364 3160 cutiunt
378 3109 426 3176 Pl]
441 3113 473 3162 11
494 3123 527 3160 ac
545 3125 572 3160 n.
587 3107 628 3160 ed.
640 3125 684 3176 pr.
699 3110 708 3176 11
724 3114 756 3162 12
777 3107 865 3162 salem
878 3127 907 3176 p.
922 3107 1034 3162 misceri
1051 3109 1091 3162 ed.
1107 3111 1170 3178 prs!
1187 3125 1272 3178 saepe

251 3178 329 3232 misc.
345 3180 393 3247 ΡΗ
409 3185 442 3231 14
461 3178 611 3233 etiamom.
627 3179 667 3232 ed.
678 3197 723 3248 pr.
739 3180 766 3233 A
782 3180 787 3248 Ι
804 3196 867 3232 cum
885 3197 921 3233 m.
941 3195 992 3247 per
1009 3196 1091 3233 nares
1111 3179 1154 3234 vel
1171 3196 1222 3249 per
1240 3197 1272 3234 os

251 3249 378 3318 proderit
398 3251 426 3303 P
452 3251 461 3318 i
486 3254 518 3303 15
537 3266 592 3303 non
611 3267 647 3302 m.
663 3252 691 3304 P
718 3252 722 3319 1
752 3249 909 3304 medicinae
928 3251 954 3304 b.
974 3250 1075 3304 horum
1094 3268 1116 3305 c.
1136 3252 1272 3306 submini-

252 3321 378 3374 strantur
396 3321 436 3375 ed.
447 3338 492 3391 pr.
512 3320 667 3375 medicinas
687 3321 713 3374 b.
733 3320 802 3374 hora
821 3340 844 3375 c.
859 3339 880 3375 s.
895 3324 923 3377 A
948 3323 957 3391 11
986 3327 1018 3375 17
1038 3322 1154 3377 sauinae
1173 3323 1213 3376 cd.
1224 3339 1271 3392 pr.

252 3392 280 3445 A
309 3395 314 3457 Ι
343 3391 449 3460 siquis
472 3392 543 3446 bone
564 3393 639 3446 terat
657 3395 686 3446 et
706 3392 826 3447 misceas
847 3393 905 3447 vini
924 3394 1018 3446 ternas
1037 3393 1065 3447 h.
1085 3396 1114 3448 et
1135 3393 1272 3464 praebeat

224 3463 281 3516 ΝΡ
309 3463 319 3528 ll
351 3466 384 3515 19
403 3461 574 3532 plurimique
593 3464 633 3517 ed.
647 3462 694 3532 pr.
709 3465 737 3517 A
771 3464 775 3532 Ι
808 3463 847 3532 pl.
862 3465 975 3519 tuberes
993 3480 1017 3517 v.
1037 3481 1062 3518 a.
1077 3464 1228 3534 serpillum
1243 3467 1273 3520 et

252 3530 386 3655 squillam
403 3532 477 3656 inp.
493 3552 529 3586 m.
549 3537 700 3603 ternasque
719 3535 746 3588 h.
767 3534 881 3588 diurnas
901 3553 951 3604 per
969 3537 1003 3589 tr.
1023 3538 1051 3590 P
1076 3539 1085 3605 ΙΙ
1111 3543 1144 3590 22
1164 3555 1187 3590 1,
1203 3552 1272 3604 quo·

252 3617 307 3668 que
327 3619 341 3655 e
361 3644 366 3655 .
377 3620 422 3671 pr.
1273 3645 1274 3650 1
