2684 3926
471 251 611 307 MVLOM.
630 252 656 305 H
674 258 717 318 91,
733 258 765 305 92
1060 251 1121 314 187

112 425 245 482 curatur:
274 439 435 480 cremorem
456 423 593 496 ptisanae
620 425 651 479 et
678 420 788 480 decuti
815 420 900 480 binos
923 421 1047 495 cyathos
1069 440 1123 495 per

111 511 245 570 triduum
268 511 351 570 dabis
378 509 503 586 tepidos.
544 510 701 568 Praeterea
728 510 850 584 hyssopi
877 528 941 568 uno.
963 509 1006 566 IV
1030 510 1156 568 alium5

111 599 206 660 viride
246 618 368 658 manum
403 598 536 674 plenam,
576 599 691 674 palmas
732 619 760 655 n.
792 598 856 672 XX,
896 599 977 656 faeni
1018 597 1123 657 Graeci

114 689 236 765 cyathos
259 688 310 762 VI,
335 707 444 763 aquam
466 688 658 747 cisterninam
681 689 710 746 et
733 688 836 746 vinum
858 687 1016 745 odoratum
1038 691 1123 746 vetus

87 779 226 854 spariter
249 777 401 850 admisces,
424 777 651 854 diligentissime
675 775 820 850 decoquas
844 778 873 834 et
896 777 1048 850 potionem
1071 795 1124 850 per

112 867 245 926 triduum
263 866 355 925 dabis.
1098 891 1100 896 ·

398 1053 621 1119 LXXXXII.
644 1053 695 1118 De
717 1055 838 1119 lanoso.

179 1185 299 1245 Lienosi
317 1188 352 1243 ut
370 1185 561 1243 manifestum
580 1186 625 1244 est
639 1184 814 1260 periculum,
832 1185 876 1242 ita
894 1184 1054 1242 manifesta
1084 1174 1230 1270 ῌζξζξζξῑ·

113 1277 184 1334 sunt
198 1276 291 1352 signs.
319 1271 398 1332 Nam
408 1273 487 1332 oculi
496 1274 693 1346 invertuntur,
709 1272 812 1332 suffusi
822 1275 891 1332 sunt
901 1273 1053 1350 sanguine,

73 1383 99 1422 10
112 1363 228 1423 tardius
247 1362 388 1436 ambulat,
412 1361 522 1420 collum
539 1361 661 1420 habebit
679 1363 839 1436 extensum,
863 1363 917 1436 qui
939 1361 974 1418 fit
996 1360 1124 1420 deterior

114 1455 144 1510 et
166 1451 288 1530 rigidus.
331 1451 412 1520 Quae
430 1451 528 1525 passio
552 1451 733 1526 principium
750 1450 865 1509 indicat
886 1449 1028 1524 roborosi,
1052 1469 1122 1525 quo·
1140 1452 1157 1508 2

113 1560 180 1598 rum
216 1541 312 1598 latera
347 1541 547 1599 intumescunt
583 1541 646 1599 sive
682 1541 803 1598 cervicis
839 1539 937 1598 media
963 1541 1054 1614 spina
1087 1539 1125 1597 ad

113 1628 340 1689 similitudinem
374 1627 453 1687 alvei
481 1628 516 1686 fit
548 1645 690 1703 concava,
724 1628 930 1706 astringuntm
962 1627 1124 1702 aliquando

112 1719 260 1778 maxillae.
294 1717 378 1786 Quod
396 1718 505 1776 vitium
527 1719 682 1776 consuevit
703 1717 808 1776 inferri
831 1736 865 1775 ex
888 1717 981 1775 nimia
1003 1715 1125 1792 periris-

73 1809 208 1882 ratione,
239 1826 306 1866 cum
329 1805 503 1866 animalium
533 1805 621 1865 dorsa
650 1809 703 1864 aut
732 1805 843 1884 frigore
867 1809 920 1864 aut
946 1806 1049 1880 pluvia
1072 1807 1125 1864 aut

114 1895 257 1974 grandine
285 1896 448 1955 caeduntur
476 1897 528 1953 aut
556 1889 683 1954 nivibus
726 1891 815 1953 Ouius
845 1895 904 1953 ista
934 1895 1048 1953 curatio
1072 1895 1158 1954 est3

113 1985 158 2044 De
186 1985 279 2044 cauda
308 2003 415 2059 parum
444 1983 596 2061 sanguinis
627 1983 740 2042 demes:
771 2003 841 2042 nam
873 1985 899 2042 si
926 1983 1053 2060 amplius
1077 2001 1124 2041 su-

114 2073 246 2147 stuleris,
276 2073 442 2150 infrigescit
472 2074 502 2130 et
531 2071 624 2150 rigori
655 2071 775 2130 additur
801 2073 895 2149 rigor;
926 2065 1069 2130 admisces
1092 2072 1125 2128 in

115 2180 149 2220 eo
179 2181 293 2220 merum
322 2164 352 2218 et
381 2161 493 2228 oleum,
526 2160 694 2234 calefacies,
725 2161 827 2219 statim
857 2159 977 2218 dorsum
1006 2163 1036 2217 et
1064 2177 1123 2217 cer-

73 2271 100 2309 eo
114 2252 193 2309 vices
222 2267 381 2326 perunges,
410 2248 570 2308 saccellum
600 2266 717 2323 quoque
743 2268 778 2306 ex
807 2248 919 2306 furfure
946 2248 1041 2307 calido
1069 2249 1124 2306 im·

186 2425 202 2473 s
221 2417 294 2472 cair.
310 2385 332 2471 θ’.
348 2422 408 2471 sor.
482 2423 514 2470 14
534 2415 606 2470 cair.
623 2434 645 2470 o.
662 2422 722 2470 soa.

187 2567 201 2614 1
222 2560 332 2615 curabis
351 2561 391 2614 ed.
401 2577 446 2629 pr.
464 2561 467 2628 Ι
484 2559 596 2614 defrioti
610 2561 636 2613 L
656 2559 752 2614 defriti
766 2562 794 2613 A
816 2562 825 2628 ΙΙ
846 2565 861 2611 2
880 2559 991 2628 tepidos
1011 2575 1060 2613 oua
1076 2559 1103 2612 L
1119 2559 1123 2630 Ι

114 2632 208 2687 alcum
226 2632 345 2687 viridem
363 2631 389 2684 L
408 2631 501 2685 oleum
519 2648 543 2684 v.
559 2631 586 2685 A
606 2629 661 2683 alei
679 2630 776 2683 viridis
794 2632 834 2685 ed.
846 2647 890 2699 pr.
905 2631 915 2699 ΙΙ
933 2635 949 2682 9
968 2646 1067 2684 manus
1085 2629 1124 2699 pl.

115 2705 143 2759 A
167 2704 172 2774 Ι
196 2703 305 2773 palmas
324 2719 374 2757 ors.
389 2703 417 2756 A
443 2704 453 2770 Ι
480 2708 496 2754 4
515 2717 540 2754 a.
560 2701 595 2755 de
614 2701 735 2755 cisterna
753 2703 781 2756 A
810 2704 814 2768 Ι
839 2701 987 2755 odoratum
1006 2717 1055 2756 om.
1071 2703 1099 2754 A
1116 2701 1126 2772 ΙΙ

115 2781 132 2829 5
150 2774 250 2829 misces
268 2775 309 2829 ed.
321 2791 365 2841 pr.
380 2775 409 2827 A
424 2774 428 2839 Ι
444 2775 473 2825 et
491 2772 521 2824 in
539 2791 566 2842 p.
585 2773 624 2826 ed.
636 2790 681 2842 pr.
701 2774 729 2826 et
746 2774 811 2842 post
828 2772 953 2825 triduum
972 2773 998 2825 d.
1013 2774 1041 2826 A

187 2851 202 2898 7
221 2844 336 2900 lienosis
354 2845 395 2899 ed.
406 2861 450 2913 pr.
466 2845 493 2898 A
520 2844 529 2911 ΙΙ
557 2847 573 2896 8
591 2842 609 2896 l.
624 2845 689 2911 post
706 2861 742 2896 m.
757 2860 785 2912 p.
804 2843 846 2897 ita
864 2845 891 2898 L
916 2847 920 2912 Ι
945 2846 989 2896 est
1006 2860 1056 2897 oua
1071 2843 1100 2897 A
1117 2843 1127 2914 ΙΙ

117 2923 132 2970 9
151 2916 306 2970 iniciuntur
324 2917 352 2969 P
372 2918 376 2985 Ι
400 2916 428 2969 et
446 2931 467 2967 s.
487 2915 526 2968 cd.
541 2929 584 2981 pr.
599 2915 627 2967 P
642 2917 674 2966 ut
693 2932 714 2967 s.
729 2916 756 2967 A
778 2918 787 2983 ΙΙ
812 2919 844 2967 10
864 2914 1011 2968 ambulant
1028 2914 1068 2967 ed.
1083 2930 1125 2981 pr.

115 2987 193 3058 ΑΡΙ
209 2987 315 3042 habent
332 2987 372 3041 ed.
384 3003 429 3055 pr.
445 2987 472 3041 A
490 2983 635 3038 habebunt
649 2986 694 3053 ΡΙ
711 2985 760 3052 qui
779 2988 825 3052 (es
843 2985 924 3053 quid)
943 2984 1066 3038 deterior
1083 2986 1127 3038 est

116 3062 162 3126 (aa
179 3061 220 3127 et)
234 3058 342 3128 rigidus
357 3060 384 3112 L
402 3059 431 3111 et
444 3057 477 3110 fit
490 3055 613 3109 deterius
632 3057 661 3109 et
674 3055 793 3124 rigidius
807 3057 846 3111 sd.
859 3074 901 3124 pr.
917 3057 986 3110 Pet
1003 3056 1035 3107 fit
1049 3056 1126 3109 dete-

115 3129 172 3184 rior
190 3132 219 3184 et
236 3129 345 3200 rigidus
359 3131 387 3183 A
401 3131 410 3197 ΙΙ
425 3133 456 3180 11
476 3126 582 3180 rabiosi
596 3128 622 3178 A
639 3128 643 3197 Ι
660 3143 777 3195 quorum
787 3157 821 3168 -
833 3133 865 3182 16
884 3127 994 3181 nivibus
1013 3143 1063 3180 om.
1079 3126 1126 3198 ΡΙΙ

118 3207 150 3254 12
169 3201 328 3254 immiscent
345 3200 429 3254 finem
448 3214 518 3252 cerv.
538 3198 564 3251 L
586 3200 596 3265 ΙΙ
620 3203 652 3251 19
672 3197 747 3252 albei
766 3199 792 3267 (e
811 3199 872 3268 del.)
886 3200 913 3253 L
932 3198 1043 3252 adhesit
1062 3214 1126 3252 con-

116 3289 200 3326 cavus
219 3274 246 3325 A
259 3274 269 3340 ΙΙ
283 3277 316 3324 lo
336 3269 466 3324 animalis
486 3269 598 3322 dorsum
614 3310 619 3320 .
636 3311 641 3322 .
657 3269 784 3322 caeditur
802 3270 842 3324 ed.
853 3287 897 3339 pr.
913 3272 940 3324 A
960 3272 970 3338 Ι
992 3275 1024 3322 16
1043 3269 1126 3322 nubi·

115 3344 168 3397 bus
186 3345 227 3398 ed.
238 3360 283 3412 pr.
298 3343 326 3397 A
338 3344 349 3412 ΙΙ
364 3347 395 3395 1⁷
415 3341 440 3395 si
458 3339 541 3394 nimis
556 3341 584 3394 P
597 3341 602 3405 Ι
617 3339 715 3394 tuleris
733 3341 773 3394 ed.
785 3358 829 3409 pr.
844 3343 905 3395 AP
915 3358 966 3397 cm.
982 3343 1008 3396 L
1021 3343 1031 3408 ΙΙ
1046 3345 1079 3394 18
1097 3342 1126 3394 et

114 3413 191 3483 rigor
209 3413 324 3468 additur
342 3416 369 3468 A
383 3415 392 3481 ΙΙ
414 3417 446 3465 19
466 3427 529 3466 eum
547 3411 587 3466 cd.
598 3427 643 3479 pr.
661 3411 793 3465 miscebis
812 3429 876 3466 cum
895 3429 927 3466 ao
946 3415 975 3467 P
996 3413 1001 3482 Ι
1026 3413 1055 3466 et
1073 3411 1124 3466 cal.

115 3487 145 3538 et
163 3487 195 3538 st.
211 3485 264 3538 hac
284 3485 310 3538 d.
325 3485 364 3540 ecl.
373 3501 418 3552 pr.
434 3483 461 3536 A
480 3485 509 3536 et
527 3481 567 3536 eis
586 3481 731 3535 calefactis
749 3483 863 3537 dorsum
877 3484 904 3536 P
915 3486 924 3552 ΙΙ
939 3489 972 3536 19
991 3482 1126 3537 cervicem

115 3557 155 3610 ed.
161 3574 206 3638 pr.
217 3557 245 3610 P
256 3558 265 3625 ΙΙ
278 3561 312 3608 90
327 3573 345 3608 a
355 3553 506 3609 saccellum
519 3570 603 3622 usquc
612 3555 649 3608 ud
658 3556 739 3621 finem
752 3570 811 3622 cap.
823 3571 872 3608 om.
884 3555 911 3608 P
925 3557 929 3621 Ι
946 3553 1081 3608 saccellus
1098 3595 1102 3605 .
1118 3595 1123 3604 .

116 3625 224 3680 cahdus
243 3626 397 3694 imponitur
414 3627 442 3679 A
458 3627 463 3694 Ι
480 3623 603 3678 calidum
621 3626 660 3680 ed.
671 3642 716 3694 pr.
