2682 3920
120 196 121 200 ¹
185 231 230 294 54
622 230 756 285 vacari

146 401 242 458 bnon
277 398 394 474 debere,
425 417 496 457 nam
532 401 676 476 perpetua
708 400 846 458 debilitas
883 402 1080 476 consequitur.
1135 399 1193 458 Sed

179 489 285 548 melius
316 489 373 563 est,
404 507 470 546 cum
499 488 572 548 locis
602 491 662 548 suis
692 490 823 564 reposita
852 489 964 548 fuerint
994 492 1025 548 et
1053 491 1193 567 ligaturis

180 577 352 654 diligentius
383 578 571 640 ,communita
607 580 697 652 atque
729 579 774 636 ita
807 579 932 636 naturae
969 577 1193 654 industriaeque

178 665 319 725 beneficio
352 667 553 743 corroborata,
584 667 732 725 calasticis
762 667 950 726 unctionibus
982 670 1012 725 et
1034 668 1193 744 malagmis

179 754 217 813 ad
239 757 421 830 postremum
445 757 584 814 causticis
613 755 716 814 eadem
738 773 894 831 percurare
923 755 961 813 ad
984 775 1066 830 spem
1088 775 1192 832 perpe·
1221 775 1236 815 s

146 845 249 902 ltuae
285 845 432 903 sanitatis.
486 843 570 913 Quod
606 843 775 919 specialiter
811 843 1029 903 admonendum
1066 848 1122 918 est,
1155 863 1193 903 ne

177 933 369 991 mulomedici
391 934 575 1008 festinantes,
598 933 668 990 dum
686 933 752 991 foco
776 951 879 992 curare
898 935 1029 1008 cupiunt,
1049 933 1194 992 animalia

179 1020 336 1081 debilitent
373 1022 425 1080 aut
466 1021 643 1096 deforment,
684 1040 751 1080 oum
791 1021 970 1096 flebotomis,
1011 1023 1192 1098 potionibus,

179 1113 351 1188 unguentis,
384 1110 512 1188 syringio
551 1110 854 1185 medicaminibusque
890 1111 1013 1170 dirersis
1051 1113 1120 1169 ante
1152 1112 1193 1170 sit

177 1199 353 1274 temptanda
375 1201 504 1274 curati03
532 1202 563 1258 et
589 1201 615 1258 si
642 1201 718 1258 nihil
741 1201 934 1275 profecerint,
962 1199 1000 1258 ad
1028 1203 1193 1258 extremum
1207 1219 1234 1258 ro

177 1289 255 1366 ignis
279 1288 443 1346 adhibetur.

338 1477 472 1542 XXIX.
496 1477 546 1542 Dc
565 1479 711 1560 passione
733 1483 761 1542 et
783 1479 867 1542 merto
886 1479 1030 1560 febrium.

31 1618 159 1660 ulschn.
243 1606 441 1683 Quaecunque
471 1609 623 1683 passiones
655 1608 722 1682 plus
754 1609 895 1666 iumentis
927 1609 1053 1682 periculi
1080 1608 1190 1666 inferre

176 1699 392 1754 consueverunt
424 1699 454 1754 et
486 1695 703 1755 difficilioribus
741 1696 1017 1772 obscurioribusque
1054 1696 1191 1774 indigent

176 1786 267 1858 curis,
294 1786 348 1844 has
376 1786 472 1859 primo
501 1785 707 1858 amplectimur
733 1784 824 1859 libro,
854 1787 941 1843 utet
966 1786 1084 1844 facilius
1108 1804 1232 1860 repe-15

175 1875 304 1948 riantur,
337 1892 412 1948 quae
443 1875 476 1931 in
506 1873 633 1932 exordiis
660 1875 733 1948 ipsis
764 1877 931 1947 occurrent,
962 1877 992 1932 et
1022 1874 1190 1952 legentibus

142 1962 331 2021 2fastidium
361 1982 419 2021 non
449 1964 564 2037 possint
594 1962 717 2022 adferre.
759 1961 966 2022 Febrientibus
996 1965 1098 2038 itaque
1127 1965 1190 2022 ani-

176 2050 303 2110 malibus
343 2071 433 2127 quam
472 2053 603 2127 primum
639 2053 778 2110 convenit
814 2051 983 2126 subvenire;
1024 2071 1095 2110 nam
1130 2070 1191 2111 non

248 2239 409 2306 lscquitur
427 2240 454 2294 A
481 2239 490 2308 ΙΙ
517 2241 584 2292 aut
603 2253 666 2291 cum
685 2237 779 2293 AFP
807 2240 812 2306 Ι
845 2237 1084 2307 impositafuerit
1102 2239 1162 2293 AF
1180 2238 1191 2309 ΙΙ

177 2315 192 2362 3
212 2309 396 2380 diligentibus
411 2312 438 2364 P
455 2309 605 2380 diligenter
624 2310 652 2363 A
666 2326 715 2364 om.
731 2309 779 2380 ΡΙ
801 2309 956 2379 composita
975 2310 1003 2364 P
1020 2309 1191 2363 commonita

177 2382 204 2436 A
218 2380 253 2435 al.
270 2380 424 2449 composita
443 2382 517 2464 odito
535 2381 574 2435 sic
593 2380 623 2434 F
645 2384 650 2449 Ι
674 2380 857 2449 industriaeq.
873 2397 922 2435 om.
939 2382 967 2434 P
991 2382 1000 2450 ΙΙ
1023 2386 1040 2433 4
1058 2381 1192 2434 roborata

175 2505 237 2560 FP
259 2506 263 2572 Ι
287 2506 320 2557 ut
338 2504 389 2558 eal.
406 2505 465 2558 FA
490 2505 494 2576 Ι
520 2503 660 2557 celasticis
679 2503 719 2558 cd.
733 2521 779 2572 pr.
799 2503 940 2558 calestieis
960 2506 987 2558 P
1004 2467 1143 2570 caldstiois
1163 2503 1194 2558 F

174 2591 330 2699 colddsdicis
350 2629 377 2682 A
396 2628 618 2682 colocasticisG
645 2631 649 2698 Ι
678 2627 834 2698 malagmas
854 2629 884 2682 F
908 2631 918 2698 ΙΙ
946 2631 1010 2682 bet
1028 2629 1065 2681 ad
1083 2631 1191 2698 postre-

175 2770 253 2806 mum
267 2754 294 2806 P
307 2751 343 2805 ad
361 2768 411 2806 om.
427 2753 466 2806 ed.
477 2769 522 2820 pr.
543 2753 548 2822 Ι
569 2751 700 2806 causticis
719 2753 758 2806 cd.
770 2770 814 2821 pr.
835 2752 977 2806 celesticis
991 2715 1190 2824 FP⁰dailtieis

176 2826 204 2879 A
223 2823 335 2877 casticis
354 2822 416 2878 cola
437 2824 482 2892 (11
498 2840 647 2892 procurare
666 2824 726 2878 FA
739 2825 748 2892 ΙΙ
763 2830 777 2876 6
798 2826 827 2877 et
845 2841 885 2892 sp.
900 2824 982 2892 AFl
998 2824 1190 2878 admonendus

176 2897 204 2950 A
217 2896 226 2964 ΙΙ
241 2899 256 2946 '1
270 2894 503 2948 mulomedicinae
521 2894 687 2959 fesunantcs
701 2897 725 2963 (s
739 2912 773 2948 ex
785 2897 808 2964 r)
829 2911 892 2948 cum
908 2894 980 2948 ferro
996 2896 1023 2950 A
1037 2897 1046 2965 ΙΙ
1060 2901 1075 2949 8
1095 2894 1189 2963 potius

175 2968 278 3020 necant
302 2966 449 3049 [suprascr.
469 2965 505 3019 al.
525 2965 618 3048 vacat]
641 2950 725 3032 atque
749 2965 908 3019 deformant
926 2967 954 3020 A
988 2965 991 3037 Ι
1029 2969 1080 3019 aut
1097 2965 1190 3036 pFl!

176 3037 334 3105 esyringis
352 3053 402 3090 om
419 3037 479 3090 FP
494 3037 497 3108 Ι
514 3039 544 3090 at
563 3037 600 3090 sit
620 3039 760 3105 temptata
779 3038 807 3091 A
829 3040 838 3107 ΙΙ
866 3042 899 3090 10
918 3036 1069 3106 profeceris
1090 3037 1120 3090 F
1133 3036 1190 3105 lad

175 3107 309 3161 ultimum
327 3108 390 3162 AF

249 3185 281 3232 12
296 3195 368 3246 pass
385 3181 413 3232 ct
427 3195 477 3232 om
488 3180 536 3247 ΡΙ
551 3183 584 3232 13
595 3177 755 3245 afferrePss
770 3184 804 3231 14
818 3181 846 3232 et
861 3195 910 3232 om
922 3179 967 3249 ΡΙ
984 3178 1042 3232 diff.
1054 3178 1190 3232 etdurio-

175 3248 364 3304 ribusPdiff.
379 3250 414 3303 al
431 3249 588 3303 clamoribus
608 3249 681 3303 obse.
697 3268 723 3318 q.
738 3250 769 3303 F
793 3251 819 3332 ΙΙΙ
831 3255 863 3303 15
877 3267 933 3303 uno
953 3249 1053 3318 compl.
1069 3251 1097 3302 P
1119 3251 1123 3318 Ι
1148 3250 1190 3302 in-

176 3320 342 3390 telligantur
361 3322 421 3375 FA
452 3323 461 3390 ΙΙ
494 3321 615 3389 idipsis
643 3323 682 3375 od
702 3339 746 3389 pr.
766 3320 855 3389 ipsius
880 3322 956 3376 codd
996 3323 1000 3390 Ι
1039 3338 1095 3375 occ.
1117 3320 1188 3374 ncl

177 3392 287 3460 possint
304 3391 323 3444 f.
339 3408 363 3446 a
379 3394 427 3462 ΡΙ
442 3397 474 3445 17
494 3393 609 3474 possent
627 3393 654 3445 A
670 3394 674 3460 Ι
686 3398 751 3460 post
740 3391 877 3446 tadferre
896 3393 936 3446 tit.
965 3391 1006 3444 De
1025 3392 1098 3445 curis
1118 3407 1189 3459 quae

178 3463 269 3531 prima
285 3466 351 3517 sunt
364 3464 404 3517 ed.
415 3480 460 3531 pr.
488 3463 530 3516 De
549 3463 622 3516 curis
637 3480 677 3531 pr.
694 3466 758 3516 sunt
772 3479 845 3532 quae
858 3462 927 3516 febr.
942 3463 977 3516 A.
1010 3461 1104 3516 Prima
1123 3463 1188 3516 sunt

178 3533 283 3600 quaes
298 3535 333 3588 F
362 3534 403 3588 De
416 3533 498 3588 laesit
486 3533 583 3586 tudine
602 3549 675 3600 quae
690 3533 802 3587 videtur
819 3533 944 3586 febribus
959 3532 1059 3586 similis
1074 3535 1119 3602 ΡΙ
1135 3534 1190 3586 ita-

178 3620 232 3672 que
251 3620 300 3660 om
317 3607 364 3675 ΡΙΙ
380 3610 412 3658 18
431 3621 516 3673 quam
535 3621 584 3659 om.
600 3605 639 3658 ed
650 3621 695 3672 pr.
711 3605 875 3676 AFlnon]
895 3620 950 3672 quo
969 3606 997 3658 P
