2668 3920
627 163 762 218 VEGETI

425 434 521 500 VIII.
546 433 647 516 Siqua
670 434 770 499 morbi
791 434 974 500 nubeculis.

253 565 426 624 Subrenalis
450 564 569 624 morbus
592 583 651 622 non
674 566 772 624 minus
795 566 914 624 nomine
938 584 1028 640 quam
1045 563 1112 640 ipsa
1135 581 1201 640 pas·

185 657 268 714 sione
300 656 492 714 monstratur.
545 653 624 712 Nam
657 654 768 712 animal
800 654 883 712 velut
916 653 1035 712 renibus
1064 655 1153 712 laesis
1184 671 1203 711 a

184 746 349 821 posteriore
372 745 457 820 parte
480 741 618 802 deficiens
636 742 738 818 prodit
755 743 927 801 mortiferae
950 741 1134 802 necessitatis
1157 743 1202 800 in·

185 832 303 891 dicium.
346 833 465 891 Tussiet
488 833 633 909 graviter,
660 830 793 889 horrebit
820 835 956 908 aspectu:
986 833 1062 890 cutis
1090 830 1203 889 duritia
1231 847 1244 888 s

186 942 222 981 ex
245 923 348 999 spinae
371 921 469 998 rigore
492 920 643 995 proditur,
670 921 790 995 parcius
812 923 918 996 potum
944 920 1062 997 parcius
1086 919 1203 996 appetit

186 1011 293 1070 cibum.
339 1010 419 1070 Huic
442 1011 513 1085 quia
536 1011 602 1068 tota
624 1010 670 1068 vis
693 1008 790 1068 morbi
811 1009 944 1085 possidet
966 1008 1095 1083 lumboS,
1121 1029 1138 1068 a
1161 1010 1202 1067 fe·

186 1099 318 1158 moribus
340 1099 448 1175 incipit
470 1101 568 1174 prima
591 1098 713 1157 curatio.

414 1322 478 1386 IX.
502 1319 602 1405 Signo
625 1324 725 1389 moror·
746 1323 975 1406 elephantiosis,

256 1453 478 1528 Elephantiasis
502 1455 602 1512 autem
620 1453 730 1512 dicitur
752 1473 788 1512 ex
811 1453 1006 1514 similitudine
1029 1451 1245 1528 elephantiam

189 1545 274 1603 cuius
302 1542 483 1600 naturaliter
504 1542 592 1618 pellis
621 1541 696 1602 dura
724 1543 754 1601 et
782 1561 888 1618 aspera
914 1542 1017 1602 morbo
1044 1560 1152 1602 nomen
1174 1544 1205 1600 et

155 1631 224 1690 2in
246 1631 417 1690 hominibus
444 1631 475 1688 et
496 1631 529 1688 in
559 1630 738 1690 animalibus
768 1631 858 1689 dedit.
905 1629 995 1691 Cuius
1025 1631 1111 1708 signa
1132 1631 1205 1688 haec

190 1722 268 1779 sunt.
313 1719 349 1777 In
371 1721 436 1778 toto
460 1736 581 1795 corpore
605 1719 695 1779 uredo
718 1720 858 1796 nascitur,
881 1719 1041 1796 praecipue
1063 1719 1095 1777 in
1118 1718 1204 1778 dorso

189 1825 328 1883 squamas
351 1807 462 1868 similes
486 1807 646 1868 corticibus
676 1809 758 1868 facit.
803 1808 839 1867 In
862 1809 997 1884 naribus,
1024 1809 1057 1866 in
1079 1809 1204 1884 pedibus

189 1897 282 1956 ctiam
305 1898 335 1955 st
356 1899 389 1954 in
412 1898 510 1971 capite
527 1897 708 1973 papularum
729 1898 829 1958 fervor
851 1899 984 1976 emergit,
1007 1897 1056 1958 vel
1079 1915 1204 1957 ozaenae
1219 1914 1244 1954 15

154 1985 353 2062 3asperiores
390 1986 561 2061 frequenter
596 1987 733 2045 oriuntur
795 1987 973 2062 Priusquam
1006 1986 1079 2044 haec
1108 1988 1204 2046 osten-

189 2075 300 2134 dantur
321 2074 446 2149 indicia‚
472 2078 576 2134 ventre
599 2077 696 2134 soluto
724 2076 782 2135 erit
804 2077 834 2134 st
855 2077 1017 2134 macrescet
1044 2077 1075 2134 et
1102 2093 1205 2150 aspere

189 2166 308 2238 tussiet3
339 2166 422 2223 cuius
452 2182 485 2224 os
516 2166 615 2223 totum
648 2183 716 2222 cum
745 2165 850 2242 lingua
880 2184 1017 2240 asperum
1048 2166 1079 2222 et
1108 2164 1204 2224 simile

190 2253 321 2313 creditur
343 2272 405 2312 esse
435 2252 596 2313 combusto.
618 2257 621 2262 '
645 2252 726 2322 Quae
749 2255 848 2329 passio
873 2253 964 2329 pullis
992 2272 1010 2311 a
1034 2255 1130 2312 matre
1157 2253 1205 2312 de-

155 2342 284 2417 lpulsis
307 2343 482 2418 plerumque
505 2342 667 2418 perniciem
686 2343 840 2402 consuevit
861 2343 982 2402 inferre.
1026 2341 1115 2401 Hunc
1138 2341 1205 2399 dili·
1219 2362 1245 2402 sc

190 2434 295 2509 genter
322 2449 424 2488 curare
448 2430 599 2507 cupientes
629 2450 689 2490 non
718 2433 787 2491 ante
816 2430 925 2490 deforis
951 2431 1053 2506 aliquo
1077 2431 1205 2490 medica-

262 2641 278 2688 e
297 2633 370 2688 chir.
386 2651 408 2687 ο.
424 2638 467 2701 ss,
482 2639 542 2687 ror.
617 2638 650 2687 10
670 2633 742 2688 oen.
758 2650 782 2690 ο.
798 2588 933 2703 rosiae.

264 2826 469 2883 3snimalibus
492 2828 580 2882 veluti
597 2847 619 2882 r.
634 2831 663 2883 P
691 2831 701 2899 [Ι
731 2829 762 2884 in
779 2847 801 2884 r.
820 2829 913 2885 lassus
932 2832 990 2886 AF
1023 2834 1032 2900 ΙΙ
1064 2829 1207 2884 boarcbit

192 2901 251 2956 AF
265 2902 304 2970 116
324 2903 353 2954 et
371 2899 452 2968 spina
470 2899 547 2954 codd.
564 2901 568 2972 Ι
584 2901 696 2969 parcius
710 2901 887 2970 p.-cibnm
905 2920 956 2958 om.
971 2905 999 2957 P
1014 2906 1024 2972 ΙΙ
1044 2901 1205 2970 lquiaom.

193 2973 221 3027 A
236 2971 240 3044 1
256 2971 298 3025 vis
312 2970 400 3024 totius
415 2972 493 3040 ΡΙΙὸ
512 2989 553 3041 pr.
573 2971 676 3039 qnietis
691 2989 714 3026 c.
729 2973 756 3026 A

264 3047 280 3096 9
301 3041 506 3111 elephantiotes
525 3043 553 3096 P
572 3043 760 3112 elephantiosi
774 3045 810 3112 A,
829 3050 854 3099 ct
875 3045 915 3098 sic
936 3044 1036 3112 utique
1062 3046 1071 3112 ss
1100 3046 1132 3095 10
1152 3041 1207 3096 elc-

193 3113 362 3183 phantiones
391 3113 522 3167 dicuntur
539 3113 567 3166 A
597 3115 607 3183 ll
640 3121 672 3168 11
700 3131 802 3168 nomen
825 3114 915 3168 morbi
933 3115 962 3169 P
976 3114 1052 3167 unde
1069 3113 1161 3166 morbi
1179 3131 1205 3165 n.

193 3185 224 3238 in
241 3184 343 3239 h.AF
356 3186 414 3253 1112
433 3185 463 3238 in
481 3202 531 3240 orn.
547 3186 575 3242 A
597 3187 606 3254 ΙΙ
633 3191 665 3239 13
683 3185 800 3256 nigredo
819 3186 883 3240 AF
892 3189 900 3252 ΙΙ
916 3191 949 3239 14
968 3184 1092 3254 squamis
1111 3203 1132 3238 s.
1148 3201 1205 3238 cor-

193 3256 264 3309 tices
273 3257 335 3311 FP
343 3257 416 3311 cuer.
433 3259 437 3326 Ι
454 3256 483 3309 in
493 3274 519 3310 n.
529 3263 555 3311 et
564 3255 650 3310 etiam
660 3273 710 3311 om.
721 3257 748 3310 A
760 3255 832 3311 Obir.
843 3256 873 3310 in
882 3275 909 3326 p.
920 3273 970 3312 om.
981 3258 1009 3310 P
1020 3258 1029 3326 η
1045 3261 1077 3309 lo
1087 3255 1207 3327 emigrat

194 3328 221 3381 A
235 3325 371 3380 fervorem
385 3327 459 3397 gerit
473 3329 500 3382 P
514 3330 518 3397 Ι
533 3327 611 3382 velut
620 3327 684 3382 AF
696 3328 699 3396 l
716 3327 848 3381 ocieneA
863 3329 965 3382 lacuna
978 3328 1048 3382 PM
1057 3327 1207 3397 (musculos

195 3397 253 3465 Μ’)
266 3401 275 3468 ΙΙ
291 3403 323 3452 16
343 3398 468 3452 oriundis
482 3399 576 3453 AFP
591 3397 715 3452 ostendit
730 3399 768 3452 M
782 3399 814 3452 iu
829 3415 883 3453 ras.
897 3401 908 3468 ΙΙ
922 3403 955 3451 1‘1
969 3401 1068 3454 venter
1086 3399 1207 3453 solutum

195 3470 254 3524 AF
270 3470 274 3540 Ι
290 3471 446 3523 macrescat
463 3470 491 3522 A
511 3471 520 3538 ΙΙ
540 3473 572 3522 19
592 3468 767 3522 combustum
789 3469 815 3524 G
836 3472 845 3538 ΙΙ
868 3475 901 3522 21
920 3487 977 3524 non
995 3470 1124 3525 deferant
1142 3471 1208 3524 ante

195 3539 304 3609 aliquot
322 3541 382 3594 dies
400 3557 436 3593 m.
452 3540 483 3594 F
496 3555 553 3593 non
567 3538 593 3592 d.
608 3541 687 3592 ante:
707 3539 742 3592 al.
758 3556 814 3594 non
828 3556 925 3596 curare
944 3540 1054 3597 deforas
1072 3559 1167 3616 margo
1180 3543 1208 3596 A
