2668 3920
542 225 766 281 MVLOM.117
1116 228 1159 292 39

145 396 208 452 iam
236 394 349 453 relatae
379 397 461 470 sunt,
498 397 604 454 asserit
633 395 766 453 catulum
799 396 961 455 lactantem
995 399 1099 456 vivum
1127 397 1159 455 in

146 501 255 558 aquam
279 484 441 542 ferventem
470 485 594 543 missum
623 502 658 542 ac
688 484 856 560 depilatum
882 486 927 542 ita
957 485 1094 562 decoqui,
1124 475 1160 545 ut

146 590 213 630 ossa
231 573 406 648 separentur
429 591 447 630 a
470 591 573 648 carne;
597 573 705 648 quibus
725 573 885 650 diligenter
904 574 1022 649 ablatis,
1044 576 1158 634 viscera

146 678 213 719 cum
236 680 324 736 aqua,
347 663 379 718 in
398 680 456 736 qua
476 661 598 720 decocta
616 663 736 736 fuerint,
759 661 923 737 liquamine
943 665 1065 738 optimo,
1088 665 1158 722 vino

118 750 240 809 austeri
263 753 294 808 et
316 750 381 808 oleo
405 753 435 808 et
457 752 560 826 pipere
588 769 654 808 cum
677 751 764 812 melle
793 751 912 810 condita
935 752 974 810 ad
996 752 1040 810 VI
1062 755 1158 812 sexta-

144 839 204 898 rios
228 839 333 898 debere
361 841 486 913 servari,
516 858 551 897 ac
574 840 700 917 singulis
729 839 907 900 animalibus
934 840 1020 900 binas
1044 841 1157 917 cotylae

99 959 101 964 ·
144 929 319 1003 tepefactae,
342 927 434 986 donec
457 927 496 986 ad
519 930 680 987 sanitatem
697 929 883 1008 perveniant,
906 929 1009 988 diebus
1033 930 1158 1008 singulis

145 1016 211 1074 dari
228 1035 282 1091 per
300 1017 409 1076 fauces.
448 1015 545 1093 Oaput
563 1036 679 1092 quoque
704 1017 864 1076 haedinum
888 1036 1046 1094 omnesque
1068 1018 1157 1095 pedes
1170 1021 1210 1078 17

144 1104 291 1181 depilatus
323 1106 361 1164 ad
390 1105 519 1164 calidam
549 1125 583 1164 ea
610 1105 739 1180 ratione,
770 1125 829 1182 qua
857 1108 1003 1181 catulum,
1034 1108 1159 1184 excoqui

104 1214 131 1254 10
145 1194 312 1269 ablatisque
343 1195 458 1254 ossibus
483 1194 616 1270 condiri,
646 1199 676 1253 et
705 1195 783 1254 binis
816 1197 922 1272 cotylis
953 1197 991 1254 ad
1019 1197 1096 1255 diem
1126 1199 1158 1255 in

144 1285 298 1357 potionem
320 1302 374 1359 par
396 1302 487 1343 cornu
511 1286 628 1360 saepius
654 1284 732 1344 datis
761 1285 872 1343 animal
895 1284 1063 1344 morbidum
1085 1285 1157 1344 libe-

95 1389 97 1402 ’
144 1371 213 1430 rari.
255 1372 299 1430 De
329 1373 409 1448 gallo
441 1391 557 1449 quoque
587 1373 753 1450 gallinaceo
784 1373 852 1433 albo
883 1373 986 1432 eadem
1019 1385 1094 1448 quae
1122 1373 1158 1432 de

145 1461 243 1519 catulo
274 1461 458 1521 observanda
489 1461 680 1521 demonstrat.
728 1461 870 1521 Radicem
904 1481 1020 1538 quoque
1049 1462 1210 1522 herbae18

144 1549 311 1625 tithymalli
334 1550 486 1609 decoctam
504 1568 571 1609 cum
589 1553 659 1610 vino
683 1550 762 1610 dulci
785 1550 856 1610 dare
879 1551 1020 1610 morbidis
1045 1551 1157 1611 suadet.

103 1658 129 1698 1⁶
145 1639 183 1695 Ei
205 1658 322 1714 quoque
347 1639 483 1714 animali,
514 1639 594 1714 quod
619 1639 765 1716 profluvio
788 1639 890 1698 Attico
918 1641 1049 1716 coeperit
1075 1641 1209 1700 labo-19

143 1746 218 1802 rare,
241 1729 285 1786 ita
304 1731 338 1786 ut
356 1727 460 1787 viridis
483 1730 512 1786 ei
534 1729 583 1788 vel
600 1728 730 1804 pallidus
753 1747 807 1804 per
828 1747 914 1788 nares
932 1728 1039 1788 humor
1062 1749 1157 1788 erum-

142 1818 205 1892 pat,
228 1837 263 1876 ex
286 1817 360 1876 lotio
377 1817 507 1875 humano
526 1820 620 1876 veteri
642 1819 691 1877 vel
710 1818 836 1877 arietino
855 1817 928 1878 duas
952 1819 1066 1894 cotylas
1090 1837 1158 1878 cum

143 1924 202 1963 uno
227 1907 335 1982 cyatho
359 1905 416 1964 olei
439 1908 517 1966 rosei
536 1908 633 1982 ‘putat
660 1925 722 1966 esse
745 1907 909 1967 miscendas
935 1909 965 1966 et
986 1927 1040 1983 per
1062 1926 1157 1984 nares,

215 2127 517 2196 affiamm
617 2127 1102 2197 mmmmmmmm

144 2203 177 2252 15
197 2198 269 2253 Chir.
285 2217 307 2253 c.
324 2205 382 2253 203.

214 2418 228 2466 1
250 2361 369 2467 assenub
387 2414 415 2466 A
445 2417 448 2480 1
478 2412 630 2466 lactentem
648 2414 675 2466 P
703 2417 707 2480 1
733 2411 764 2464 in
783 2427 857 2480 aqua
875 2411 994 2466 ferventi
1013 2413 1040 2466 A
1059 2414 1098 2467 cd
1109 2430 1155 2496 pr.

144 2484 216 2539 char
239 2486 248 2552 11
272 2491 287 2537 2
307 2484 489 2556 decoquatur
497 2485 525 2538 P
546 2487 555 2554 11
578 2489 593 2536 3
613 2485 795 2552 sepperentur
813 2484 841 2538 A
865 2487 869 2553 1
894 2483 1001 2538 viscera
1019 2483 1079 2540 LP
1096 2485 1156 2538 eius

142 2570 206 2608 caro
222 2556 286 2610 AF
300 2557 340 2610 ed
352 2573 396 2624 pr
411 2557 451 2624 114
470 2571 492 2608 c
509 2571 533 2608 a
552 2555 582 2607 in
597 2571 671 2622 aqua
690 2555 804 2610 decocto
823 2554 935 2637 fixerint
945 2557 984 2608 sic
999 2555 1031 2608 F
1044 2573 1109 2622 cum
1127 2556 1157 2609 in

132 2695 180 2749 aq
179 2679 257 2733 uad.
272 2681 351 2748 Ρ115
371 2681 469 2733 autc.
477 2679 511 2743 L
531 2679 655 2734 etetiam
669 2680 743 2734 Oba'r.
757 2679 844 2733 veteri
860 2682 888 2734 et
907 2642 974 2746 cleo
986 2680 1014 2734 A
1039 2681 1042 2748 1
1067 2697 1120 2749 usq
1121 2695 1156 2733 uc

142 2751 217 2805 adA
231 2751 320 2819 edpr.
338 2756 341 2818 1
359 2750 396 2804 ad
410 2723 561 2804 sextarium
575 2750 716 2805 ΒΑΜ.
723 2768 767 2820 pr.
783 2753 851 2804 sext.
866 2750 905 2803 ΙΠ
912 2735 992 2805 oba.
1007 2753 1016 2820 11
1031 2757 1045 2804 7
1060 2767 1157 2819 perve-

141 2821 222 2875 nient
236 2823 264 2875 A
276 2824 286 2890 11
300 2827 316 2875 8
331 2821 393 2874 dari
402 2822 429 2874 L
444 2821 506 2874 dari
521 2820 622 2875 debere
636 2821 676 2876 ed.
685 2839 727 2890 pr.
743 2822 768 2874 d.
785 2822 888 2876 debeat
897 2821 962 2877 AF
973 2821 1074 2875 debere
1089 2822 1156 2875 dare

142 2894 188 2961 ΡΙ
204 2893 291 2961 pedes
310 2892 369 2946 eius
389 2893 468 2962 13119
488 2893 531 2945 ad.
548 2909 570 2946 c.
590 2893 735 2960 eandemq.
754 2893 894 2947 rationem
912 2893 939 2944 L
957 2892 987 2945 in
1011 2892 1104 2945 calida
1123 2909 1156 2946 ea

141 2981 163 3016 r.
182 2966 210 3018 P
228 2964 265 3017 ad
284 2963 440 3017 caldarium
460 2965 558 3018 eadem
580 2981 602 3016 r.
622 2966 661 3018 ed,
673 2981 717 3033 pr.
752 2968 756 3031 1
790 2967 928 3033 excoquat
950 2964 1026 3017 AF·
1039 2964 1156 3032 excoqui

142 3035 263 3088 diximus
283 3035 309 3087 L
329 3036 338 3104 11
360 3040 393 3088 10
411 3035 483 3088 vinis
502 3034 603 3088 cotulie
622 3035 667 3102 131
690 3051 741 3103 per
760 3036 896 3104 dedpr.
914 3034 964 3102 1111
981 3035 1096 3103 potione
1115 3036 1155 3090 ed.

138 3123 183 3174 pr.
198 3108 248 3175 ΡΙΙ
263 3111 294 3159 11
314 3105 405 3159 morbi
424 3105 513 3160 delib-
528 3106 578 3174 Fss
598 3111 630 3159 13
650 3105 743 3160 catulo
764 3105 925 3176 111Ρ1114
944 3105 1006 3158 dari
1025 3105 1155 3174 Lle.

142 3177 312 3230 animalibus
331 3178 371 3231 cd.
382 3195 426 3247 pr.
461 3179 470 3246 11
506 3177 606 3245 loqui
625 3177 652 3230 L
690 3184 693 3244 1
732 3176 838 3246 profluo
862 3178 984 3244 adtequo
1004 3176 1030 3229 L
1048 3176 1155 3245 profluo

142 3248 238 3302 Attico
257 3251 285 3303 P
306 3251 314 3316 11
338 3247 417 3302 roei
435 3265 486 3302 cm.
501 3250 529 3303 A
545 3250 550 3317 Ι
566 3249 616 3303 aut
633 3266 660 3317 p.
676 3247 703 3300 L
723 3249 727 3319 1
747 3265 797 3317 per
815 3267 842 3302 n.
857 3265 907 3302 om.
924 3248 959 3314 L,
976 3249 1057 3302 babet
1074 3251 1156 3304 ctiam

143 3319 217 3376 char
232 3325 240 3385 11
256 3325 288 3372 17
304 3319 391 3373 veteri
405 3318 450 3372 vel
469 3335 507 3372 ar.
524 3319 550 3372 L
563 3319 652 3373 veteri
667 3320 725 3373 FP
737 3319 825 3372 veteri
840 3319 867 3372 ei
881 3319 967 3373 Avel
986 3335 1024 3372 ar
1040 3320 1079 3372 ed
1090 3337 1136 3388 pr
1149 3319 1153 3391 1

142 3407 206 3442 cum
224 3407 321 3444 uncc.
342 3390 368 3443 L
389 3390 460 3446 Cltir.
481 3407 543 3443 cum
563 3391 628 3444 vino
652 3393 721 3444 etc
741 3407 796 3444 nno
816 3390 880 3444 AF
894 3391 934 3444 ed.
950 3408 995 3459 pr
1010 3391 1070 3459 (om.
1089 3393 1156 3460 unc)

143 3478 207 3514 cum
225 3462 283 3514 vini
306 3461 399 3515 ciatbo
419 3463 448 3514 et
466 3461 527 3516 oleo
550 3478 629 3516 roseo
652 3461 737 3515 misce
752 3464 780 3516 P
791 3463 801 3530 11
816 3466 849 3515 18
867 3461 974 3515 rosacei
990 3463 1018 3514 A
1036 3461 1076 3515 cd
1087 3478 1132 3529 pr
1150 3461 1153 3534 1

141 3532 328 3601 putatissimi
348 3532 476 3586 iscendas
496 3533 523 3586 L
551 3533 555 3604 1
588 3535 617 3587 et
635 3531 749 3586 naribus
769 3532 924 3586 siccitatem
942 3533 1086 3601 praestare
1105 3547 1156 3634 per

142 3619 224 3657 nares
244 3606 271 3659 A
288 3621 426 3672 suprascr.
445 3605 528 3658 vacat
