2668 3920
542 226 584 282 De
603 226 782 283 editionibus.
1143 227 1169 281 V

157 396 287 472 positam
300 397 435 472 repetere
447 399 593 471 tanquam
608 395 644 453 ab
659 397 724 470 ipso
738 397 896 471 repertam.
939 394 1073 471 Sumpsit
1091 398 1170 455 eninr

158 483 319 543 editionem
342 485 507 560 principem
531 503 586 561 pro
604 484 798 544 fundamento
821 502 891 543 suae
914 485 1008 560 ipsius
1032 485 1170 544 editionis

158 572 333 648 addiditque
360 573 501 632 lectiones
529 591 564 630 ex
591 573 653 632 cod.
672 573 708 630 V.
756 571 832 632 Sunt
860 573 954 650 igitur
981 574 1094 633 codices
1123 574 1171 632 illi

156 665 231 722 tres:
264 662 327 721 cod.
355 661 593 721 Vindobonensis
626 664 657 722 et
689 661 747 720 dno
780 661 894 721 codices
921 662 968 720 illi
999 662 1035 720 de
1062 664 1169 739 quibus

156 751 288 810 codicem
311 749 450 810 editionis
474 750 618 828 principis
642 751 816 810 confluxisse
838 750 975 810 vidimus.

223 839 311 898 Nova
334 838 420 914 quasi
442 839 493 898 lux
516 842 618 911 exorte
642 843 687 899 est
708 839 843 918 Vegetio,
866 859 934 898 curn
957 837 1103 899 Gesneri
1126 840 1170 899 di-

155 927 282 1006 ligentia
309 929 388 987 inter
418 929 576 1005 scriptores
606 929 651 986 rei
686 929 816 988 rusticae
849 927 945 987 editus
975 931 1021 988 est
1050 927 1171 1005 Lipsiae

157 1035 183 1076 a.
209 1017 294 1076 1735
325 1018 469 1093 primum3
498 1019 609 1076 iterum
641 1017 664 1075 I.
687 1016 765 1096 Aug.
791 1017 923 1077 Ernestii
957 1017 1035 1076 notis
1066 1021 1170 1078 auctus

156 1125 183 1164 a.
205 1107 299 1165 1774.
348 1103 494 1164 Gesnerus
522 1108 602 1166 enim
628 1108 742 1182 primus
769 1104 878 1166 codicis
909 1104 1092 1166 corbeiensis
1122 1108 1171 1167 vel

155 1193 258 1270 potius
288 1193 442 1254 Leidensis
474 1195 665 1255 collationem
702 1194 851 1269 adhibuit,
888 1195 926 1253 ab
957 1195 1020 1254 Ich
1045 1195 1170 1256 Alberto

156 1282 294 1343 Fabricio
313 1285 392 1342 inter
409 1282 501 1344 libros
521 1282 672 1343 Gudienos
696 1287 826 1359 emptam
845 1291 935 1358 etque
952 1287 1171 1344 transmissam:

155 1373 334 1431 varietatem
353 1373 446 1432 traxit
463 1372 488 1431 is
509 1371 642 1449 quisquis
657 1373 785 1432 contulit
803 1391 838 1430 ex
857 1374 1015 1446 monetari
1030 1374 1171 1448 descripto

156 1478 192 1520 ec
209 1460 277 1520 Me.
295 1461 390 1521 codiee
409 1460 589 1521 Gorbetensb
606 1463 776 1521 mcccccvii
794 1466 862 1521 tecto
879 1465 1015 1536 rapae
1034 1462 1172 1523 Coloniae

156 1549 239 1623 apud
264 1549 295 1609 S.
317 1550 507 1610 Pcntclemois
534 1550 670 1624 deposito.
717 1550 813 1611 Oodec
841 1549 1021 1610 descensis
1047 1553 1172 1625 opimae

155 1643 241 1698 notae
259 1639 417 1698 cdmcdecn
435 1642 574 1713 catomis
592 1640 683 1698 literis
704 1640 871 1698 mutus
889 1644 1036 1710 exoratos,
1057 1641 1171 1700 lacem

156 1731 254 1786 taenea
280 1731 307 1787 et
328 1729 396 1786 tino
421 1728 490 1788 inde
515 1729 631 1788 {cosme
653 1729 840 1802 deformatus.
885 1728 976 1788 Recte
1004 1731 1172 1805 suspicatur

155 1815 180 1874 I.
199 1813 235 1874 G.
255 1815 415 1876 Schneider
435 1809 468 1897 (l.
487 1835 511 1876 c.
534 1837 562 1892 p.
583 1808 617 1897 3)
640 1835 728 1876 nsum
751 1835 814 1877 esse
835 1819 934 1875 virum
957 1818 1077 1877 doctum
1100 1836 1170 1894 apo-

157 1905 271 1983 grapho
294 1907 367 1980 isto,
393 1906 472 1980 qnod
495 1906 591 1964 adhuc
610 1908 715 1980 exstet,
739 1907 837 1965 codice
858 1904 997 1966 Leidensi
1014 1906 1169 1967 Vossieno.

156 1993 212 2052 Ille
232 1993 310 2052 enim
333 1997 365 2054 in
383 1995 481 2053 fronte
505 2012 540 2054 ee
562 1995 628 2070 ipsa
648 1994 739 2054 verba
762 1995 798 2055 de
819 1995 982 2072 archetypo
1002 1995 1172 2055 Oorbeiensi

157 2083 217 2141 fert
236 2101 312 2157 quae
329 2085 356 2142 is
376 2085 428 2158 qui
445 2083 573 2143 contidit
590 2085 739 2159 repetivit.
775 2083 839 2142 Nec
856 2085 1020 2145 refellimur
1039 2102 1072 2143 eo
1092 2084 1172 2159 quod

158 2173 203 2230 ait
225 2171 263 2230 de
285 2171 383 2230 forma
405 2172 514 2231 codicis
533 2175 564 2232 et
581 2173 750 2231 literarum:
772 2173 829 2230 hoc
848 2172 926 2230 enim
945 2192 980 2230 ex
999 2172 1171 2250 apographo

156 2261 217 2319 istc
235 2258 374 2319 Leidensi
392 2262 527 2336 quemvis
545 2262 643 2320 virum
661 2260 771 2319 nedum
788 2263 888 2319 virum
901 2261 1022 2319 doctum
1039 2261 1171 2336 potuisse

157 2367 333 2427 cognoscere
347 2349 426 2408 infre
439 2350 613 2409 videbimus.
646 2347 775 2408 Gesnero
788 2348 883 2426 igitur
895 2351 1015 2425 praeter
1026 2349 1170 2409 editiones

156 2439 322 2514 principem
341 2441 372 2498 et
390 2437 532 2497 Sembuci
553 2441 673 2514 praesto
697 2439 762 2496 eret
785 2439 871 2513 quasi
889 2438 1115 2498 fundamentum
1133 2440 1171 2499 ad

156 2529 273 2587 textum
287 2527 506 2586 restituendum
520 2527 641 2586 collatio
655 2527 710 2586 illa
728 2546 794 2587 cum
812 2527 911 2586 codice
925 2526 1064 2587 Leidensi
1081 2529 1170 2588 facta.

156 2615 219 2674 Nec
247 2616 334 2691 plura
362 2615 510 2675 adhibuit:
538 2634 609 2674 nam
637 2635 712 2693 quae
742 2615 875 2675 Rhodius
899 2610 953 2694 [ad
984 2615 1172 2676 Scribonium

156 2702 288 2782 Largum
307 2703 526 2764 emendationes
548 2724 578 2781 p.
599 2699 677 2784 238]
702 2705 788 2764 effert
806 2724 840 2764 ex
864 2705 1013 2764 codicibus
1030 2705 1171 2765 Mediceis

160 2795 191 2852 et
209 2793 366 2867 Vaticano,
389 2812 449 2851 non
470 2796 550 2852 recte
573 2796 643 2853 sunt
665 2794 821 2869 descripte.

225 2881 335 2942 Totum
366 2879 580 2941 Gesnerianum
616 2885 661 2940 rei
696 2882 824 2941 rusticae
856 2883 1034 2958 scriptorum
1066 2900 1171 2958 corpus

156 2972 299 3046 repetivit
338 2971 423 3030 novis
465 2970 673 3030 collationibus
716 2973 801 3030 suxit
836 2972 1048 3030 commentario
1084 2971 1171 3032 docto

158 3059 278 3119 ornavit
295 3059 319 3118 I.
339 3056 373 3117 G.
393 3057 589 3118 Schneider
611 3058 730 3136 Lipsiae
756 3061 850 3134 1795,
874 3062 958 3119 cuius
984 3060 1079 3136 operis
1103 3079 1171 3120 con-

156 3146 234 3207 tinet
247 3147 407 3226 Vegetium
420 3150 519 3208 tomus
533 3146 584 3206 IV.
627 3147 684 3217 Qui
700 3148 846 3207 thesauris
861 3147 1048 3209 Gesnerienis
1064 3149 1172 3209 adiecit

157 3236 348 3296 collationem
361 3236 471 3296 codicis
491 3235 621 3296 Gothani
636 3257 654 3296 a
667 3237 802 3312 Franno,
820 3238 982 3297 medicinae
998 3239 1171 3314 professore,

157 3325 278 3400 factam,
302 3325 408 3384 deinde
432 3326 469 3385 ab
488 3327 553 3402 ipso
572 3328 732 3401 repetitam
755 3317 789 3407 (1.
804 3345 828 3385 c.
842 3347 870 3402 p.
888 3319 952 3407 18).
997 3326 1040 3386 At
1061 3328 1118 3386 hoc
1139 3329 1172 3384 in

157 3413 284 3492 Vegetio
307 3416 355 3474 vir
377 3414 564 3474 doctissimus
583 3415 718 3491 peccavit
740 3415 820 3490 quod
841 3415 938 3474 invito
960 3415 1057 3474 hercle
1080 3415 1171 3490 scrip·
1264 3465 1266 3469 .

157 3505 221 3562 tore
245 3502 377 3562 membre
400 3503 497 3579 operis
525 3503 641 3562 disiecit
669 3503 807 3580 quodque
831 3506 896 3562 erat
921 3522 1013 3577 usqne
1037 3503 1075 3562 ed
1096 3502 1172 3560 illud

156 3593 275 3668 tempus
303 3595 335 3650 in
361 3591 453 3652 libros
477 3591 670 3652 distributum
700 3593 843 3668 quattuor
872 3591 904 3649 id
934 3591 990 3650 sibi
1013 3589 1172 3656 videbatur
