2684 3926
184 230 247 295 166
543 275 545 278 .
622 231 757 285 VEGETI

182 400 298 458 ratione
333 417 497 458 succurras:
535 399 737 476 depeotorabis
774 402 804 459 et
840 402 1015 478 sanguinem
1049 403 1194 476 quantum

182 487 292 546 sufficit
322 488 471 563 detrahes,
502 490 532 546 et
559 491 601 546 sic
626 489 752 564 accipiet
780 490 991 554 laxamentum.
1037 489 1193 548 Praeterea

182 596 304 635 manum
328 595 394 634 cnm
418 576 482 636 oleo
505 578 607 653 tepido
630 580 662 636 in
686 597 776 636 anum
798 580 912 652 mittes,
936 579 1014 637 etsi
1038 598 1097 654 qua
1120 582 1193 638 ster-

146 667 251 725 4oora
273 667 355 724 intus
379 665 589 742 impedimento
614 669 695 740 sunt,
719 666 880 726 abstrahes.
926 667 999 726 Post
1027 687 1093 726 cum
1115 667 1194 726 libra

181 755 240 813 olei
268 755 338 813 salis
368 755 435 813 triti
463 756 585 830 plenum
614 754 802 814 acetabulum
830 758 934 815 misces
964 758 995 815 ct
1018 757 1193 816 calefactum
1221 778 1232 815 5

181 845 213 902 in
237 863 327 902 annm
354 844 456 902 inicies
484 846 617 903 iumento
645 845 677 901 in
705 844 777 903 locis
800 846 902 919 pronis
925 847 1037 920 posito,
1065 848 1099 903 ut
1122 846 1193 904 faci-

181 933 239 991 ]ius
263 932 302 990 ad
324 933 466 991 interiora
490 933 659 992 descendat:
683 933 806 992 dulcedo
830 935 909 992 enim
931 935 1065 1008 sequitur
1088 951 1123 992 ac
1146 951 1192 991 so-

148 1021 257 1080 crucio
276 1023 388 1080 ventris
412 1024 442 1080 et
465 1022 549 1080 dolor
567 1023 731 1100 mitigatur.
778 1021 858 1090 Quae
881 1023 1011 1080 remedia
1030 1023 1056 1081 si
1078 1022 1192 1080 tardius

181 1109 384 1185 subvenerint,
414 1130 536 1168 manum
560 1113 589 1168 et
611 1110 764 1168 brachium
792 1113 962 1190 perungito,
989 1113 1055 1169 tum
1083 1130 1192 1188 magno

179 1217 267 1258 sensu
291 1202 380 1273 atque
408 1199 525 1258 cautela
547 1201 579 1257 in
609 1219 699 1257 anum
726 1200 830 1258 inicito
858 1201 890 1256 in
917 1203 1034 1275 partem
1057 1200 1192 1259 dextram
1206 1222 1231 1260 ro

179 1289 210 1346 et
240 1290 391 1348 reversato
423 1290 455 1346 in
487 1289 650 1362 sinistram3
683 1290 813 1347 vesicam
842 1308 935 1347 manu
966 1289 1055 1364 plena
1087 1289 1192 1348 leviter

179 1376 315 1452 premite,
337 1379 372 1434 ut
395 1378 521 1453 incipiat
544 1379 663 1436 urinam
684 1377 859 1452 producere,
889 1379 991 1454 sicque
1014 1377 1192 1452 liberantur,

145 1466 162 1522 6
178 1465 266 1524 valde
283 1485 416 1541 premere
435 1468 618 1525 contrarium
641 1468 692 1524 est.
730 1466 776 1523 Ex
793 1467 839 1524 his
859 1470 958 1525 autem
978 1468 1074 1525 causis
1093 1469 1191 1542 passio

177 1555 236 1612 ista
267 1554 429 1613 descendit:
459 1556 485 1613 si
515 1557 681 1614 iumentum
710 1557 742 1613 in
772 1574 859 1630 opere
890 1543 942 1612 aut
973 1574 1059 1614 cursu
1082 1575 1192 1633 magna

177 1646 263 1718 parte
287 1642 347 1702 diei
370 1647 493 1722 cogatur
516 1647 546 1702 et
568 1646 671 1702 urinae
689 1643 842 1702 faciendae
866 1646 997 1718 spatium
1021 1643 1190 1722 denegetur,
1206 1665 1230 1704 15
1283 1644 1285 1650 ’

177 1734 248 1790 tunc
272 1751 290 1790 a
312 1733 428 1791 vesicae
450 1736 551 1791 meatu
577 1752 670 1807 usque
698 1732 736 1789 ad
763 1735 913 1790 veretrum
936 1733 1068 1791 nascitur
1090 1736 1190 1790 tumor

145 1821 208 1878 7et
232 1820 422 1880 cumdolore
446 1822 604 1900 egestionis
624 1821 756 1879 foramen
782 1823 929 1898 angustat.
976 1821 1001 1878 E
1026 1821 1141 1880 diverso
1165 1823 1191 1878 si

177 1911 344 1967 iumentum
367 1912 495 1969 exerceri
518 1910 640 1969 soh'tum
663 1909 765 1968 diebus
789 1909 925 1984 plurimis
956 1911 1087 1984 steterit,
1114 1909 1191 1966 indi-

152 2001 153 2005 ’
178 1999 311 2076 gestione
334 2002 497 2072 nascuntur
519 1999 679 2074 spurcitiae
703 2017 737 2056 ex
758 1999 889 2073 humore,
914 1994 1075 2057 efferuntur
1097 2016 1191 2073 usque

178 2087 217 2145 ad
234 2089 371 2162 vesicam,
391 2090 633 2162 compunctiones
653 2088 744 2145 etiam
763 2089 793 2146 et
810 2105 925 2146 morsus
944 2087 1055 2173 urinali
1072 2087 1191 2146 fistulae
1206 2108 1232 2146 ao

217 2299 266 2416 14}
285 2291 356 2346 Chir.
373 2309 395 2346 c.
410 2297 470 2346 449.
539 2298 556 2346 8
576 2291 648 2346 onir.
664 2309 687 2350 c.
702 2297 762 2348 460.
833 2297 865 2346 13
885 2290 958 2346 Ghir.
975 2309 996 2346 c.
1013 2296 1064 2346 451
1084 2292 1117 2346 of.
1132 2291 1191 2346 Pel.

178 2380 200 2416 o.
270 2406 275 2418 .

249 2546 263 2593 1
284 2540 318 2593 de
332 2543 445 2608 pectore
459 2556 544 2594 venae
558 2540 660 2610 pungis
675 2541 714 2594 ed.
721 2557 766 2610 pr.
781 2541 842 2594 ΑΡ
861 2542 870 2610 tt
894 2547 909 2593 2
930 2539 991 2594 suff.
1007 2557 1057 2594 om.
1073 2541 1100 2594 A
1114 2541 1191 2594 vide·

177 2611 254 2669 bitur
268 2613 306 2664 eol.
318 2629 363 2680 pr.
381 2614 384 2679 Ι
402 2611 538 2680 accipitur
556 2611 747 2665 levamentum
764 2612 804 2666 ed.
815 2629 860 2680 pr.
875 2613 903 2665 A
916 2613 955 2680 113
975 2628 1074 2664 manns
1091 2614 1118 2666 A
1135 2614 1138 2679 Ι
1155 2629 1190 2665 m.

178 2681 306 2751 tepidam
324 2699 388 2735 cum
406 2699 430 2736 o.
445 2683 485 2736 cd.
498 2699 540 2750 pr.
568 2683 571 2752 Ι
600 2683 624 2735 si
643 2698 699 2751 qua
718 2685 751 2736 st.
766 2682 905 2736 inveneris
924 2683 999 2736 intus
1019 2683 1086 2751 quia
1103 2683 1192 2751 impe-

178 2753 334 2807 dimentum
358 2755 505 2822 praestant
529 2753 569 2807 cd.
585 2771 630 2822 pr.
650 2755 678 2808 A
696 2761 721 2808 ct
739 2755 767 2807 P
783 2753 869 2822 (intus
894 2753 959 2821 inv.)
991 2756 1000 2823 ΙΙ
1032 2759 1048 2806 4
1072 2753 1191 2807 attrahis

178 2825 218 2880 cd.
233 2842 276 2893 pr.
286 2826 347 2879 AP
358 2824 479 2879 abstrais
493 2825 533 2879 sic
543 2827 581 2878 M
591 2828 600 2893 ΙΙ
615 2830 629 2877 6
644 2841 758 2878 manum
772 2824 790 2878 i.
806 2827 834 2879 P
845 2841 945 2878 manus
957 2827 994 2887 M
1005 2827 1014 2894 ΙΙ
1029 2829 1043 2877 7
1059 2823 1191 2878 inferiora

178 2899 206 2951 P
222 2897 333 2950 interna
351 2896 377 2949 L
391 2898 430 2965 118
449 2896 530 2949 tarde
549 2897 589 2950 ed.
601 2913 645 2964 pr.
660 2897 740 2966 APt
761 2901 776 2949 9
795 2912 894 2950 manus
914 2898 942 2949 et
959 2895 1077 2949 brachia
1095 2897 1135 2950 ed.
1145 2913 1190 2965 pr.

177 2968 379 3039 Ameana
398 2969 509 3020 etcum
527 2968 566 3021 ed.
579 2984 622 3034 pr.
639 2969 700 3021 ΑΡ
720 2969 729 3035 ΙΙ
753 2972 786 3020 10
804 2983 904 3020 manus
923 2966 941 3020 i.
957 2969 996 3020 ed.
1007 2985 1052 3036 pr.
1068 2969 1147 3036 AP}
1163 2969 1192 3021 et

177 3039 208 3091 in
221 3041 332 3107 partem
346 3039 371 3091 d.
388 3040 416 3092 et
430 3037 460 3090 in
473 3056 500 3106 p.
517 3056 537 3091 s.
552 3040 592 3092 cot.
604 3055 647 3106 pr.
663 3038 693 3091 in
707 3056 734 3106 p.
750 3038 776 3090 d.
792 3040 821 3092 et
835 3055 898 3092 oum
913 3039 973 3092 sato
988 3037 1017 3090 in
1032 3056 1058 3107 p.
1075 3056 1096 3092 s.
1110 3039 1171 3092 AP
1182 3038 1191 3109 Η

179 3115 210 3163 11
230 3111 353 3164 vesicam
371 3126 456 3162 manu
475 3127 501 3178 p.
517 3109 544 3162 L
563 3111 591 3162 et
609 3111 652 3178 (ut
669 3110 738 3179 ΔΡ)
763 3109 802 3162 sic
825 3111 940 3164 manum
963 3109 1076 3178 plenam
1095 3111 1134 3164 cd.
1145 3127 1190 3178 pr.

178 3182 239 3234 AP
254 3183 263 3249 Η
282 3187 314 3234 12
334 3180 453 3249 incipias
472 3180 502 3232 in
520 3180 574 3233 hac
592 3181 742 3248 procedere
761 3181 800 3234 cd.
811 3198 855 3249 pr.
870 3181 931 3234 ΑΡ
953 3183 957 3248 1
983 3182 1012 3234 et
1031 3180 1072 3234 sic
1089 3180 1191 3234 libera

178 3252 256 3304 bitur
269 3253 308 3306 ed.
320 3269 364 3320 pr.
379 3253 441 3305 ΑΡ
452 3254 461 3320 ΙΙ
476 3257 508 3305 13
527 3266 652 3319 premere
667 3250 727 3305 LP
743 3250 841 3319 spinae
857 3252 896 3305 ed.
909 3269 952 3320 pr,
967 3252 995 3305 A
1011 3254 1016 3320 Ι
1032 3254 1127 3305 autem
1140 3269 1190 3306 cra.

178 3322 218 3376 cd.
231 3339 274 3389 pr.
290 3325 317 3377 A
332 3325 341 3392 ΙΙ
355 3328 389 3375 14
403 3322 445 3376 ita
460 3322 485 3376 d.
502 3323 568 3375 ium.
584 3323 623 3376 ed.
635 3339 680 3390 pr.
695 3323 722 3376 A
736 3323 745 3390 ΙΙ
761 3327 793 3375 lo
813 3322 870 3375 diei
885 3321 944 3377 LP
956 3321 1021 3376 duci
1036 3324 1075 3377 ed.
1086 3341 1130 3391 pr.
1146 3323 1189 3394 At

179 3392 263 3446 facile
277 3393 317 3446 ed.
324 3411 368 3462 pr.
385 3409 418 3445 ex
431 3393 530 3447 urinae
544 3391 628 3446 facile
641 3395 669 3446 A
683 3395 693 3462 ῐΙ
708 3398 739 3446 16
754 3393 834 3464 tuuc]
849 3395 877 3446 et
891 3394 930 3447 ed.
937 3411 982 3461 pr.
994 3395 1055 3448 ΑΡ
1066 3396 1075 3462 ΙΙ
1091 3398 1122 3446 17
1143 3409 1192 3446 an-

179 3464 308 3532 gustatur
326 3465 365 3516 ed.
377 3481 421 3530 pr.
445 3467 449 3532 1
473 3479 490 3516 a
509 3463 616 3517 diverso
637 3465 664 3518 A
682 3464 798 3516 adverso
817 3465 845 3517 P
864 3466 873 3531 ΙΙ
897 3470 929 3518 18
950 3463 1040 3518 solitis
1060 3465 1085 3518 d.
1104 3463 1193 3533 pluri-

178 3549 256 3585 mum
274 3533 320 3604 ΑΙ
337 3533 394 3586 ind.
409 3533 452 3586 uti
467 3533 558 3603 (onia)
576 3551 603 3586 n.
618 3534 678 3588 LP
689 3537 698 3603 ss
713 3541 745 3588 19
766 3534 901 3602 spurcitia
919 3535 998 3606 ΑΡΙ
1015 3537 1043 3590 et
1061 3537 1191 3590 humores

179 3618 201 3656 e.
218 3603 257 3657 ed.
268 3620 312 3671 pr.
330 3603 334 3674 1
352 3601 470 3657 efferunt
488 3603 516 3656 L
534 3602 689 3660 effuruntur
708 3606 735 3658 A
