<?xml version="1.0" encoding="UTF-8"?>
<!DOCTYPE html PUBLIC "-//W3C//DTD XHTML 1.0 Transitional//EN"
    "http://www.w3.org/TR/xhtml1/DTD/xhtml1-transitional.dtd">
<html xmlns="http://www.w3.org/1999/xhtml" xml:lang="en" lang="en">
 <head>
  <title>
</title>
<meta http-equiv="Content-Type" content="text/html;charset=utf-8" />
  <meta name='ocr-system' content='tesseract 3.04.00' />
  <meta name='ocr-capabilities' content='ocr_page ocr_carea ocr_par ocr_line ocrx_word'/>
</head>
<body>
  <div class='ocr_page' id='page_1' title='image "./pvegetirenatidi02martgoog/pvegetirenatidi02martgoog_0292.png"; bbox 0 0 2684 3926; ppageno 0'>
   <div class='ocr_carea' id='block_1_1' title="bbox 490 216 1184 299">
    <p class='ocr_par' dir='ltr' id='par_1_1' title="bbox 490 216 1184 299">
     <span class='ocr_line' id='line_1_1' title="bbox 490 216 1184 299; baseline -0.003 -13"><span class='ocrx_word' id='word_1_1' title='bbox 490 230 631 286; x_wconf 75' lang='lat' dir='ltr'><strong>nmen.</strong></span> <span class='ocrx_word' id='word_1_2' title='bbox 645 231 685 284; x_wconf 89' lang='lat'><strong>111</strong></span> <span class='ocrx_word' id='word_1_3' title='bbox 702 229 815 299; x_wconf 74' lang='lat' dir='ltr'><strong>raon,</strong></span> <span class='ocrx_word' id='word_1_4' title='bbox 835 237 849 285; x_wconf 92' lang='lat'>1</span> <span class='ocrx_word' id='word_1_5' title='bbox 1117 216 1184 296; x_wconf 75' lang='lat'>&#39;2215</span> 
     </span>
    </p>
   </div>
   <div class='ocr_carea' id='block_1_2' title="bbox 92 388 1283 1724">
    <p class='ocr_par' dir='ltr' id='par_1_2' title="bbox 163 388 1217 745">
     <span class='ocr_line' id='line_1_2' title="bbox 164 388 1184 478; baseline -0.002 -18"><span class='ocrx_word' id='word_1_6' title='bbox 164 413 240 476; x_wconf 86' lang='lat' dir='ltr'><strong>quae</strong></span> <span class='ocrx_word' id='word_1_7' title='bbox 258 402 356 478; x_wconf 89' lang='lat' dir='ltr'><strong>prima</strong></span> <span class='ocrx_word' id='word_1_8' title='bbox 370 388 568 476; x_wconf 81' lang='lat' dir='ltr'><strong>conceperunt</strong></span> <span class='ocrx_word' id='word_1_9' title='bbox 581 399 725 474; x_wconf 86' lang='lat' dir='ltr'><strong>morbum,</strong></span> <span class='ocrx_word' id='word_1_10' title='bbox 744 402 884 460; x_wconf 88' lang='lat' dir='ltr'><strong>contactu</strong></span> <span class='ocrx_word' id='word_1_11' title='bbox 897 388 1029 459; x_wconf 89' lang='lat' dir='ltr'><strong>crescens</strong></span> <span class='ocrx_word' id='word_1_12' title='bbox 1042 399 1184 475; x_wconf 84' lang='lat' dir='ltr'><strong>pestilen-</strong></span> 
     </span>
     <span class='ocr_line' id='line_1_3' title="bbox 163 489 1184 570; baseline 0 -22"><span class='ocrx_word' id='word_1_13' title='bbox 163 491 209 549; x_wconf 91' lang='lat' dir='ltr'><strong>tia</strong></span> <span class='ocrx_word' id='word_1_14' title='bbox 227 509 331 570; x_wconf 78' lang='lat' dir='ltr'>greges</span> <span class='ocrx_word' id='word_1_15' title='bbox 345 491 477 566; x_wconf 88' lang='lat' dir='ltr'><strong>integros</strong></span> <span class='ocrx_word' id='word_1_16' title='bbox 496 490 633 565; x_wconf 89' lang='lat' dir='ltr'><strong>perimat,</strong></span> <span class='ocrx_word' id='word_1_17' title='bbox 652 492 723 565; x_wconf 90' lang='lat' dir='ltr'><strong>quia</strong></span> <span class='ocrx_word' id='word_1_18' title='bbox 736 489 854 565; x_wconf 89' lang='lat' dir='ltr'><strong>polluta</strong></span> <span class='ocrx_word' id='word_1_19' title='bbox 868 509 886 547; x_wconf 88' lang='lat' dir='ltr'><strong>a</strong></span> <span class='ocrx_word' id='word_1_20' title='bbox 903 489 1054 567; x_wconf 80' lang='lat' dir='ltr'>languidis</span> <span class='ocrx_word' id='word_1_21' title='bbox 1073 507 1184 566; x_wconf 89' lang='lat' dir='ltr'><strong>pascua</strong></span> 
     </span>
     <span class='ocr_line' id='line_1_4' title="bbox 163 579 1183 654; baseline -0.001 -17"><span class='ocrx_word' id='word_1_22' title='bbox 163 579 326 654; x_wconf 72' lang='lat' dir='ltr'><strong>infectique</strong></span> <span class='ocrx_word' id='word_1_23' title='bbox 356 579 453 638; x_wconf 85' lang='lat' dir='ltr'><strong>fontes</strong></span> <span class='ocrx_word' id='word_1_24' title='bbox 483 580 529 637; x_wconf 89' lang='lat' dir='ltr'><strong>ita</strong></span> <span class='ocrx_word' id='word_1_25' title='bbox 555 582 672 652; x_wconf 85' lang='lat' dir='ltr'><strong>nocent,</strong></span> <span class='ocrx_word' id='word_1_26' title='bbox 702 579 789 654; x_wconf 90' lang='lat' dir='ltr'><strong>quasi</strong></span> <span class='ocrx_word' id='word_1_27' title='bbox 818 580 851 636; x_wconf 92' lang='lat' dir='ltr'><strong>in</strong></span> <span class='ocrx_word' id='word_1_28' title='bbox 877 597 992 638; x_wconf 89' lang='lat' dir='ltr'><strong>venena</strong></span> <span class='ocrx_word' id='word_1_29' title='bbox 1018 581 1183 638; x_wconf 83' lang='lat' dir='ltr'><strong>vertautm.</strong></span> 
     </span>
     <span class='ocr_line' id='line_1_5' title="bbox 163 659 1217 745; baseline -0.003 -18"><span class='ocrx_word' id='word_1_30' title='bbox 163 667 317 727; x_wconf 88' lang='lat' dir='ltr'><strong>Postremo</strong></span> <span class='ocrx_word' id='word_1_31' title='bbox 338 659 454 745; x_wconf 81' lang='lat' dir='ltr'><strong>aegroti</strong></span> <span class='ocrx_word' id='word_1_32' title='bbox 473 667 546 726; x_wconf 91' lang='lat' dir='ltr'><strong>odor</strong></span> <span class='ocrx_word' id='word_1_33' title='bbox 564 685 631 726; x_wconf 90' lang='lat' dir='ltr'><strong>cum</strong></span> <span class='ocrx_word' id='word_1_34' title='bbox 650 661 791 727; x_wconf 87' lang='lat' dir='ltr'><strong>sanorum</strong></span> <span class='ocrx_word' id='word_1_35' title='bbox 810 667 982 743; x_wconf 70' lang='lat' dir='ltr'>impleverit</span> <span class='ocrx_word' id='word_1_36' title='bbox 999 685 1095 742; x_wconf 80' lang='lat' dir='ltr'><strong>narse,</strong></span> <span class='ocrx_word' id='word_1_37' title='bbox 1116 667 1183 743; x_wconf 91' lang='lat' dir='ltr'><strong>ipso</strong></span> <span class='ocrx_word' id='word_1_38' title='bbox 1199 669 1217 724; x_wconf 89' lang='lat'><strong>6</strong></span> 
     </span>
    </p>

    <p class='ocr_par' dir='ltr' id='par_1_3' title="bbox 136 755 1218 924">
     <span class='ocr_line' id='line_1_6' title="bbox 136 755 1184 832; baseline -0.003 -15"><span class='ocrx_word' id='word_1_39' title='bbox 136 758 258 817; x_wconf 85' lang='lat' dir='ltr'><strong>sfetore</strong></span> <span class='ocrx_word' id='word_1_40' title='bbox 285 757 447 818; x_wconf 80' lang='lat' dir='ltr'><strong>visceribus</strong></span> <span class='ocrx_word' id='word_1_41' title='bbox 478 759 591 816; x_wconf 89' lang='lat' dir='ltr'><strong>inseret</strong></span> <span class='ocrx_word' id='word_1_42' title='bbox 619 756 745 816; x_wconf 90' lang='lat' dir='ltr'><strong>morbos.</strong></span> <span class='ocrx_word' id='word_1_43' title='bbox 793 755 842 815; x_wconf 85' lang='lat' dir='ltr'><strong>Sic</strong></span> <span class='ocrx_word' id='word_1_44' title='bbox 870 755 909 815; x_wconf 89' lang='lat' dir='ltr'><strong>ad</strong></span> <span class='ocrx_word' id='word_1_45' title='bbox 935 756 1033 832; x_wconf 88' lang='lat' dir='ltr'><strong>pullos</strong></span> <span class='ocrx_word' id='word_1_46' title='bbox 1062 773 1184 816; x_wconf 89' lang='lat' dir='ltr'><strong>morsa</strong></span> 
     </span>
     <span class='ocr_line' id='line_1_7' title="bbox 163 843 1218 924; baseline -0.003 -19"><span class='ocrx_word' id='word_1_47' title='bbox 163 846 310 906; x_wconf 86' lang='lat' dir='ltr'><strong>matribus</strong></span> <span class='ocrx_word' id='word_1_48' title='bbox 324 887 327 891; x_wconf 92' lang='lat'><em>-</em></span> <span class='ocrx_word' id='word_1_49' title='bbox 341 849 481 922; x_wconf 88' lang='lat' dir='ltr'><strong>corrupto</strong></span> <span class='ocrx_word' id='word_1_50' title='bbox 510 846 589 905; x_wconf 90' lang='lat' dir='ltr'><strong>lacte</strong></span> <span class='ocrx_word' id='word_1_51' title='bbox 618 847 822 924; x_wconf 74' lang='lat' dir='ltr'><strong>transmigrat.</strong></span> <span class='ocrx_word' id='word_1_52' title='bbox 876 843 926 904; x_wconf 80' lang='lat' dir='ltr'><strong>Sic</strong></span> <span class='ocrx_word' id='word_1_53' title='bbox 955 846 988 903; x_wconf 91' lang='lat' dir='ltr'><strong>in</strong></span> <span class='ocrx_word' id='word_1_54' title='bbox 1017 847 1218 904; x_wconf 70' lang='lat' dir='ltr'><strong>numerosis?</strong></span> 
     </span>
    </p>

    <p class='ocr_par' dir='ltr' id='par_1_4' title="bbox 92 934 1186 1189">
     <span class='ocr_line' id='line_1_8' title="bbox 92 934 1186 1012; baseline -0.004 -16"><span class='ocrx_word' id='word_1_55' title='bbox 92 988 98 996; x_wconf 95' lang='lat'><em>.</em></span> <span class='ocrx_word' id='word_1_56' title='bbox 164 935 290 996; x_wconf 88' lang='lat' dir='ltr'><strong>stabulis</strong></span> <span class='ocrx_word' id='word_1_57' title='bbox 326 937 462 1011; x_wconf 80' lang='lat' dir='ltr'><strong>quamvis</strong></span> <span class='ocrx_word' id='word_1_58' title='bbox 497 935 557 995; x_wconf 84' lang='lat' dir='ltr'><strong>vile</strong></span> <span class='ocrx_word' id='word_1_59' title='bbox 591 936 773 1009; x_wconf 87' lang='lat' dir='ltr'><strong>iumentum,</strong></span> <span class='ocrx_word' id='word_1_60' title='bbox 804 936 831 994; x_wconf 89' lang='lat' dir='ltr'><strong>si</strong></span> <span class='ocrx_word' id='word_1_61' title='bbox 860 936 1066 1012; x_wconf 84' lang='lat' dir='ltr'><strong>contagiosum</strong></span> <span class='ocrx_word' id='word_1_62' title='bbox 1095 934 1186 993; x_wconf 91' lang='lat' dir='ltr'><strong>semel</strong></span> 
     </span>
     <span class='ocr_line' id='line_1_9' title="bbox 164 1023 1186 1101; baseline -0.003 -17"><span class='ocrx_word' id='word_1_63' title='bbox 164 1027 328 1100; x_wconf 79' lang='lat' dir='ltr'><strong>susceperit</strong></span> <span class='ocrx_word' id='word_1_64' title='bbox 368 1025 552 1101; x_wconf 77' lang='lat' dir='ltr'><strong>passionem,</strong></span> <span class='ocrx_word' id='word_1_65' title='bbox 592 1023 689 1083; x_wconf 88' lang='lat' dir='ltr'><strong>veloci</strong></span> <span class='ocrx_word' id='word_1_66' title='bbox 728 1025 860 1082; x_wconf 85' lang='lat' dir='ltr'><strong>transitu</strong></span> <span class='ocrx_word' id='word_1_67' title='bbox 895 1025 1028 1100; x_wconf 88' lang='lat' dir='ltr'><strong>pretiosa</strong></span> <span class='ocrx_word' id='word_1_68' title='bbox 1068 1041 1186 1099; x_wconf 89' lang='lat' dir='ltr'><strong>quoque</strong></span> 
     </span>
     <span class='ocr_line' id='line_1_10' title="bbox 164 1110 1185 1189; baseline -0.002 -17"><span class='ocrx_word' id='word_1_69' title='bbox 164 1116 298 1172; x_wconf 84' lang='lat' dir='ltr'><strong>iumenta</strong></span> <span class='ocrx_word' id='word_1_70' title='bbox 321 1114 480 1172; x_wconf 90' lang='lat' dir='ltr'><strong>consumet.</strong></span> <span class='ocrx_word' id='word_1_71' title='bbox 528 1110 586 1171; x_wconf 81' lang='lat' dir='ltr'><strong>Sed</strong></span> <span class='ocrx_word' id='word_1_72' title='bbox 614 1112 770 1172; x_wconf 81' lang='lat' dir='ltr'><strong>adversum</strong></span> <span class='ocrx_word' id='word_1_73' title='bbox 799 1113 900 1171; x_wconf 87' lang='lat' dir='ltr'><strong>omnia</strong></span> <span class='ocrx_word' id='word_1_74' title='bbox 922 1111 1094 1189; x_wconf 84' lang='lat' dir='ltr'><strong>diligentia,</strong></span> <span class='ocrx_word' id='word_1_75' title='bbox 1124 1113 1185 1170; x_wconf 91' lang='lat' dir='ltr'><strong>stu·</strong></span> 
     </span>
    </p>

    <p class='ocr_par' dir='ltr' id='par_1_5' title="bbox 125 1195 1289 1366">
     <span class='ocr_line' id='line_1_11' title="bbox 125 1200 1208 1277; baseline -0.003 -16"><span class='ocrx_word' id='word_1_76' title='bbox 125 1222 151 1262; x_wconf 90' lang='lat' dir='ltr'><strong>1o</strong></span> <span class='ocrx_word' id='word_1_77' title='bbox 165 1203 261 1276; x_wconf 81' lang='lat' dir='ltr'><strong>dium,</strong></span> <span class='ocrx_word' id='word_1_78' title='bbox 290 1202 450 1261; x_wconf 89' lang='lat' dir='ltr'><strong>herbarum</strong></span> <span class='ocrx_word' id='word_1_79' title='bbox 472 1204 620 1277; x_wconf 90' lang='lat' dir='ltr'><strong>potestas,</strong></span> <span class='ocrx_word' id='word_1_80' title='bbox 651 1201 774 1260; x_wconf 87' lang='lat' dir='ltr'><strong>curandi</strong></span> <span class='ocrx_word' id='word_1_81' title='bbox 801 1202 927 1261; x_wconf 89' lang='lat' dir='ltr'><strong>scientia</strong></span> <span class='ocrx_word' id='word_1_82' title='bbox 953 1200 1094 1277; x_wconf 77' lang='lat' dir='ltr'><strong>prodesse</strong></span> <span class='ocrx_word' id='word_1_83' title='bbox 1117 1218 1208 1265; x_wconf 85' lang='lat' dir='ltr'><strong>oon·¹</strong></span> 
     </span>
     <span class='ocr_line' id='line_1_12' title="bbox 165 1278 1283 1366; baseline -0.004 -16"><span class='ocrx_word' id='word_1_84' title='bbox 165 1292 270 1350; x_wconf 87' lang='lat' dir='ltr'><strong>suevit.</strong></span> <span class='ocrx_word' id='word_1_85' title='bbox 314 1291 408 1350; x_wconf 86' lang='lat' dir='ltr'><strong>Sicuti</strong></span> <span class='ocrx_word' id='word_1_86' title='bbox 430 1290 614 1350; x_wconf 90' lang='lat' dir='ltr'><strong>medicorum</strong></span> <span class='ocrx_word' id='word_1_87' title='bbox 631 1291 729 1366; x_wconf 91' lang='lat' dir='ltr'><strong>prima</strong></span> <span class='ocrx_word' id='word_1_88' title='bbox 751 1289 888 1350; x_wconf 75' lang='lat' dir='ltr'><strong>doctina</strong></span> <span class='ocrx_word' id='word_1_89' title='bbox 909 1291 955 1350; x_wconf 89' lang='lat' dir='ltr'><strong>est</strong></span> <span class='ocrx_word' id='word_1_90' title='bbox 976 1290 1101 1349; x_wconf 89' lang='lat' dir='ltr'><strong>humani</strong></span> <span class='ocrx_word' id='word_1_91' title='bbox 1123 1290 1220 1349; x_wconf 88' lang='lat' dir='ltr'><strong>cor-8</strong></span> <span class='ocrx_word' id='word_1_92' title='bbox 1280 1278 1283 1284; x_wconf 71' lang='grc'>’</span> 
     </span>
    </p>

    <p class='ocr_par' dir='ltr' id='par_1_6' title="bbox 128 1377 1186 1634">
     <span class='ocr_line' id='line_1_13' title="bbox 128 1377 1184 1458; baseline -0.002 -20"><span class='ocrx_word' id='word_1_93' title='bbox 128 1411 139 1434; x_wconf 55' lang='lat' dir='ltr'><strong>a</strong></span> <span class='ocrx_word' id='word_1_94' title='bbox 164 1381 246 1455; x_wconf 87' lang='lat' dir='ltr'><strong>poris</strong></span> <span class='ocrx_word' id='word_1_95' title='bbox 266 1382 366 1456; x_wconf 82' lang='lat' dir='ltr'><strong>partes</strong></span> <span class='ocrx_word' id='word_1_96' title='bbox 386 1397 590 1458; x_wconf 72' lang='lat' dir='ltr'><strong>organumque</strong></span> <span class='ocrx_word' id='word_1_97' title='bbox 609 1397 794 1458; x_wconf 85' lang='lat' dir='ltr'><strong>cognoscere,</strong></span> <span class='ocrx_word' id='word_1_98' title='bbox 812 1381 856 1437; x_wconf 88' lang='lat' dir='ltr'><strong>ita</strong></span> <span class='ocrx_word' id='word_1_99' title='bbox 872 1381 1072 1439; x_wconf 88' lang='lat' dir='ltr'><strong>necessarium</strong></span> <span class='ocrx_word' id='word_1_100' title='bbox 1089 1377 1184 1437; x_wconf 89' lang='lat' dir='ltr'><strong>mulo·</strong></span> 
     </span>
     <span class='ocr_line' id='line_1_14' title="bbox 164 1466 1186 1542; baseline -0.002 -15"><span class='ocrx_word' id='word_1_101' title='bbox 164 1466 287 1528; x_wconf 89' lang='lat' dir='ltr'><strong>medicis</strong></span> <span class='ocrx_word' id='word_1_102' title='bbox 317 1468 353 1527; x_wconf 90' lang='lat' dir='ltr'><strong>de</strong></span> <span class='ocrx_word' id='word_1_103' title='bbox 381 1469 510 1542; x_wconf 87' lang='lat' dir='ltr'><strong>ossibus,</strong></span> <span class='ocrx_word' id='word_1_104' title='bbox 540 1468 576 1528; x_wconf 93' lang='lat' dir='ltr'><strong>de</strong></span> <span class='ocrx_word' id='word_1_105' title='bbox 603 1469 703 1528; x_wconf 78' lang='lat' dir='ltr'><strong>nervia</strong></span> <span class='ocrx_word' id='word_1_106' title='bbox 730 1485 766 1526; x_wconf 89' lang='lat' dir='ltr'><strong>ac</strong></span> <span class='ocrx_word' id='word_1_107' title='bbox 788 1470 872 1528; x_wconf 88' lang='lat' dir='ltr'><strong>venis</strong></span> <span class='ocrx_word' id='word_1_108' title='bbox 895 1469 1097 1527; x_wconf 88' lang='lat' dir='ltr'><strong>iumentomm</strong></span> <span class='ocrx_word' id='word_1_109' title='bbox 1119 1469 1186 1525; x_wconf 90' lang='lat' dir='ltr'><strong>uni·</strong></span> 
     </span>
     <span class='ocr_line' id='line_1_15' title="bbox 165 1556 1186 1634; baseline -0.002 -18"><span class='ocrx_word' id='word_1_110' title='bbox 165 1575 252 1616; x_wconf 87' lang='lat' dir='ltr'><strong>versa</strong></span> <span class='ocrx_word' id='word_1_111' title='bbox 270 1557 444 1634; x_wconf 78' lang='lat' dir='ltr'><strong>perdiscere.</strong></span> <span class='ocrx_word' id='word_1_112' title='bbox 485 1557 592 1632; x_wconf 86' lang='lat' dir='ltr'><strong>Neque</strong></span> <span class='ocrx_word' id='word_1_113' title='bbox 613 1559 692 1616; x_wconf 90' lang='lat' dir='ltr'><strong>enim</strong></span> <span class='ocrx_word' id='word_1_114' title='bbox 715 1575 819 1616; x_wconf 89' lang='lat' dir='ltr'><strong>curare</strong></span> <span class='ocrx_word' id='word_1_115' title='bbox 838 1556 1061 1617; x_wconf 78' lang='lat' dir='ltr'><strong>rationabiliter</strong></span> <span class='ocrx_word' id='word_1_116' title='bbox 1078 1558 1186 1634; x_wconf 88' lang='lat' dir='ltr'><strong>potest,</strong></span> 
     </span>
    </p>

    <p class='ocr_par' dir='ltr' id='par_1_7' title="bbox 125 1647 879 1724">
     <span class='ocr_line' id='line_1_16' title="bbox 125 1647 879 1724; baseline -0.004 -17"><span class='ocrx_word' id='word_1_117' title='bbox 125 1667 152 1708; x_wconf 81' lang='lat' dir='ltr'><strong>rs</strong></span> <span class='ocrx_word' id='word_1_118' title='bbox 165 1648 222 1724; x_wconf 88' lang='lat' dir='ltr'><strong>qui</strong></span> <span class='ocrx_word' id='word_1_119' title='bbox 241 1647 422 1723; x_wconf 85' lang='lat' dir='ltr'><strong>qualitatem</strong></span> <span class='ocrx_word' id='word_1_120' title='bbox 443 1648 497 1722; x_wconf 87' lang='lat' dir='ltr'><strong>rei,</strong></span> <span class='ocrx_word' id='word_1_121' title='bbox 521 1665 611 1722; x_wconf 88' lang='lat' dir='ltr'><strong>quam</strong></span> <span class='ocrx_word' id='word_1_122' title='bbox 634 1649 728 1721; x_wconf 89' lang='lat' dir='ltr'><strong>curat,</strong></span> <span class='ocrx_word' id='word_1_123' title='bbox 749 1648 879 1724; x_wconf 82' lang='lat' dir='ltr'><strong>ignorat.</strong></span> 
     </span>
    </p>
   </div>
   <div class='ocr_carea' id='block_1_3' title="bbox 363 1853 988 1938">
    <p class='ocr_par' dir='ltr' id='par_1_8' title="bbox 363 1853 988 1938">
     <span class='ocr_line' id='line_1_17' title="bbox 363 1853 988 1938; baseline 0 -19"><span class='ocrx_word' id='word_1_124' title='bbox 363 1854 392 1919; x_wconf 90' lang='lat'><strong>1.</strong></span> <span class='ocrx_word' id='word_1_125' title='bbox 415 1853 466 1921; x_wconf 85' lang='lat' dir='ltr'><strong>De</strong></span> <span class='ocrx_word' id='word_1_126' title='bbox 487 1875 616 1921; x_wconf 78' lang='lat' dir='ltr'><strong>comem</strong></span> <span class='ocrx_word' id='word_1_127' title='bbox 639 1860 668 1919; x_wconf 82' lang='lat' dir='ltr'><strong>et</strong></span> <span class='ocrx_word' id='word_1_128' title='bbox 685 1853 843 1938; x_wconf 78' lang='lat' dir='ltr'><strong>positione</strong></span> <span class='ocrx_word' id='word_1_129' title='bbox 863 1856 988 1920; x_wconf 82' lang='lat' dir='ltr'><strong>ossium.</strong></span> 
     </span>
    </p>
   </div>
   <div class='ocr_carea' id='block_1_4' title="bbox 233 1951 1274 2070">
    <p class='ocr_par' dir='ltr' id='par_1_9' title="bbox 233 1951 1274 2070">
     <span class='ocr_line' id='line_1_18' title="bbox 233 1951 1274 2070; baseline -0.006 -26"><span class='ocrx_word' id='word_1_130' title='bbox 233 1951 404 2068; x_wconf 86' lang='lat' dir='ltr'><strong>Iumentum</strong></span> <span class='ocrx_word' id='word_1_131' title='bbox 425 1984 521 2063; x_wconf 87' lang='lat' dir='ltr'><strong>igitur</strong></span> <span class='ocrx_word' id='word_1_132' title='bbox 543 1985 634 2044; x_wconf 86' lang='lat' dir='ltr'><strong>habet</strong></span> <span class='ocrx_word' id='word_1_133' title='bbox 655 1987 688 2044; x_wconf 88' lang='lat' dir='ltr'><strong>in</strong></span> <span class='ocrx_word' id='word_1_134' title='bbox 707 1986 805 2062; x_wconf 91' lang='lat' dir='ltr'><strong>capite</strong></span> <span class='ocrx_word' id='word_1_135' title='bbox 824 2003 890 2044; x_wconf 89' lang='lat' dir='ltr'><strong>ossa</strong></span> <span class='ocrx_word' id='word_1_136' title='bbox 908 1984 947 2059; x_wconf 84' lang='grc' dir='ltr'><strong>ΙΙ,</strong></span> <span class='ocrx_word' id='word_1_137' title='bbox 971 2004 989 2042; x_wconf 91' lang='lat' dir='ltr'><strong>a</strong></span> <span class='ocrx_word' id='word_1_138' title='bbox 1012 1984 1111 2043; x_wconf 91' lang='lat' dir='ltr'><strong>fronte</strong></span> <span class='ocrx_word' id='word_1_139' title='bbox 1141 1973 1274 2070; x_wconf 52' lang='lat' dir='ltr'><strong>ffigghn·</strong></span> 
     </span>
    </p>
   </div>
   <div class='ocr_carea' id='block_1_5' title="bbox 127 2071 1219 2685">
    <p class='ocr_par' dir='ltr' id='par_1_10' title="bbox 166 2071 1125 2151">
     <span class='ocr_line' id='line_1_19' title="bbox 166 2071 1125 2151; baseline -0.002 -19"><span class='ocrx_word' id='word_1_140' title='bbox 166 2091 260 2148; x_wconf 89' lang='lat' dir='ltr'><strong>usque</strong></span> <span class='ocrx_word' id='word_1_141' title='bbox 275 2073 314 2131; x_wconf 89' lang='lat' dir='ltr'><strong>ad</strong></span> <span class='ocrx_word' id='word_1_142' title='bbox 327 2093 414 2151; x_wconf 87' lang='lat' dir='ltr'><strong>nares</strong></span> <span class='ocrx_word' id='word_1_143' title='bbox 424 2073 534 2147; x_wconf 86' lang='lat' dir='ltr'><strong>aliaiI,</strong></span> <span class='ocrx_word' id='word_1_144' title='bbox 547 2073 717 2133; x_wconf 84' lang='lat' dir='ltr'><strong>maxillaris</strong></span> <span class='ocrx_word' id='word_1_145' title='bbox 730 2073 923 2146; x_wconf 83' lang='lat' dir='ltr'><strong>inferiorali,</strong></span> <span class='ocrx_word' id='word_1_146' title='bbox 937 2073 1039 2132; x_wconf 90' lang='lat' dir='ltr'><strong>dentes</strong></span> <span class='ocrx_word' id='word_1_147' title='bbox 1053 2071 1125 2148; x_wconf 89' lang='lat' dir='ltr'><strong><em>XL,·</em></strong></span> 
     </span>
    </p>

    <p class='ocr_par' dir='ltr' id='par_1_11' title="bbox 127 2161 1185 2331">
     <span class='ocr_line' id='line_1_20' title="bbox 166 2161 1185 2237; baseline -0.001 -18"><span class='ocrx_word' id='word_1_148' title='bbox 166 2161 223 2220; x_wconf 92' lang='lat' dir='ltr'><strong>hoc</strong></span> <span class='ocrx_word' id='word_1_149' title='bbox 247 2165 291 2220; x_wconf 87' lang='lat' dir='ltr'><strong>est</strong></span> <span class='ocrx_word' id='word_1_150' title='bbox 313 2163 441 2221; x_wconf 85' lang='lat' dir='ltr'><strong>molares</strong></span> <span class='ocrx_word' id='word_1_151' title='bbox 459 2162 568 2236; x_wconf 80' lang='lat' dir='ltr'>XXIV,</span> <span class='ocrx_word' id='word_1_152' title='bbox 591 2165 712 2222; x_wconf 87' lang='lat' dir='ltr'><strong>caninos</strong></span> <span class='ocrx_word' id='word_1_153' title='bbox 731 2161 783 2236; x_wconf 83' lang='lat' dir='ltr'><strong>IV,</strong></span> <span class='ocrx_word' id='word_1_154' title='bbox 805 2180 928 2237; x_wconf 87' lang='lat' dir='ltr'><strong>rapaces</strong></span> <span class='ocrx_word' id='word_1_155' title='bbox 951 2161 1018 2220; x_wconf 89' lang='lat' dir='ltr'>XII.</span> <span class='ocrx_word' id='word_1_156' title='bbox 1064 2161 1101 2218; x_wconf 86' lang='lat' dir='ltr'><strong>Iu</strong></span> <span class='ocrx_word' id='word_1_157' title='bbox 1123 2179 1185 2220; x_wconf 90' lang='lat' dir='ltr'><strong>cer·</strong></span> 
     </span>
     <span class='ocr_line' id='line_1_21' title="bbox 127 2249 1185 2331; baseline -0.001 -22"><span class='ocrx_word' id='word_1_158' title='bbox 127 2272 155 2331; x_wconf 74' lang='lat' dir='ltr'><strong>ao</strong></span> <span class='ocrx_word' id='word_1_159' title='bbox 168 2251 233 2309; x_wconf 87' lang='lat' dir='ltr'><strong>vice</strong></span> <span class='ocrx_word' id='word_1_160' title='bbox 257 2253 358 2308; x_wconf 89' lang='lat' dir='ltr'><strong>autem</strong></span> <span class='ocrx_word' id='word_1_161' title='bbox 380 2254 451 2312; x_wconf 87' lang='lat' dir='ltr'><strong>sunt</strong></span> <span class='ocrx_word' id='word_1_162' title='bbox 473 2251 612 2327; x_wconf 85' lang='lat' dir='ltr'><strong>spondyli</strong></span> <span class='ocrx_word' id='word_1_163' title='bbox 630 2251 698 2324; x_wconf 89' lang='lat' dir='ltr'><strong>VH,</strong></span> <span class='ocrx_word' id='word_1_164' title='bbox 721 2251 858 2326; x_wconf 84' lang='lat' dir='ltr'><strong>spatulae</strong></span> <span class='ocrx_word' id='word_1_165' title='bbox 881 2269 986 2309; x_wconf 87' lang='lat' dir='ltr'><strong>renum</strong></span> <span class='ocrx_word' id='word_1_166' title='bbox 1009 2253 1079 2309; x_wconf 91' lang='lat' dir='ltr'><strong>sunt</strong></span> <span class='ocrx_word' id='word_1_167' title='bbox 1101 2249 1185 2327; x_wconf 81' lang='lat' dir='ltr'><strong>vm,</strong></span> 
     </span>
    </p>

    <p class='ocr_par' dir='ltr' id='par_1_12' title="bbox 169 2338 1185 2415">
     <span class='ocr_line' id='line_1_22' title="bbox 169 2338 1185 2415; baseline -0.001 -16"><span class='ocrx_word' id='word_1_168' title='bbox 169 2359 188 2399; x_wconf 91' lang='lat' dir='ltr'><strong>a</strong></span> <span class='ocrx_word' id='word_1_169' title='bbox 210 2339 331 2398; x_wconf 89' lang='lat' dir='ltr'><strong>renibus</strong></span> <span class='ocrx_word' id='word_1_170' title='bbox 355 2358 448 2415; x_wconf 90' lang='lat' dir='ltr'><strong>usque</strong></span> <span class='ocrx_word' id='word_1_171' title='bbox 476 2339 515 2398; x_wconf 90' lang='lat' dir='ltr'><strong>ad</strong></span> <span class='ocrx_word' id='word_1_172' title='bbox 538 2359 628 2398; x_wconf 91' lang='lat' dir='ltr'><strong>anum</strong></span> <span class='ocrx_word' id='word_1_173' title='bbox 649 2339 706 2414; x_wconf 88' lang='lat' dir='ltr'><strong>VI,</strong></span> <span class='ocrx_word' id='word_1_174' title='bbox 729 2340 910 2399; x_wconf 86' lang='lat' dir='ltr'><strong>muscarium</strong></span> <span class='ocrx_word' id='word_1_175' title='bbox 931 2339 1023 2398; x_wconf 89' lang='lat' dir='ltr'><strong>habet</strong></span> <span class='ocrx_word' id='word_1_176' title='bbox 1050 2338 1185 2398; x_wconf 90' lang='lat' dir='ltr'><strong>commis·</strong></span> 
     </span>
    </p>

    <p class='ocr_par' dir='ltr' id='par_1_13' title="bbox 168 2427 1219 2506">
     <span class='ocr_line' id='line_1_23' title="bbox 168 2427 1219 2506; baseline -0.001 -19"><span class='ocrx_word' id='word_1_177' title='bbox 168 2447 253 2488; x_wconf 90' lang='lat' dir='ltr'><strong>suras</strong></span> <span class='ocrx_word' id='word_1_178' title='bbox 276 2428 342 2486; x_wconf 88' lang='lat' dir='ltr'>XII.</span> <span class='ocrx_word' id='word_1_179' title='bbox 388 2428 425 2486; x_wconf 91' lang='lat' dir='ltr'><strong>Iu</strong></span> <span class='ocrx_word' id='word_1_180' title='bbox 448 2429 538 2488; x_wconf 90' lang='lat' dir='ltr'><strong>armis</strong></span> <span class='ocrx_word' id='word_1_181' title='bbox 556 2429 706 2504; x_wconf 87' lang='lat' dir='ltr'><strong>prioribus</strong></span> <span class='ocrx_word' id='word_1_182' title='bbox 729 2431 799 2489; x_wconf 89' lang='lat' dir='ltr'><strong>sunt</strong></span> <span class='ocrx_word' id='word_1_183' title='bbox 820 2428 943 2506; x_wconf 82' lang='lat' dir='ltr'><strong>regulae</strong></span> <span class='ocrx_word' id='word_1_184' title='bbox 966 2427 1010 2504; x_wconf 83' lang='lat' dir='ltr'><strong>H3</strong></span> <span class='ocrx_word' id='word_1_185' title='bbox 1034 2428 1071 2487; x_wconf 90' lang='lat' dir='ltr'><strong>ab</strong></span> <span class='ocrx_word' id='word_1_186' title='bbox 1094 2427 1219 2488; x_wconf 70' lang='lat' dir='ltr'><strong>armis‘i</strong></span> 
     </span>
    </p>

    <p class='ocr_par' dir='ltr' id='par_1_14' title="bbox 168 2517 1187 2594">
     <span class='ocr_line' id='line_1_24' title="bbox 168 2517 1187 2594; baseline -0.001 -18"><span class='ocrx_word' id='word_1_187' title='bbox 168 2535 262 2593; x_wconf 89' lang='lat' dir='ltr'><strong>usque</strong></span> <span class='ocrx_word' id='word_1_188' title='bbox 284 2517 322 2576; x_wconf 90' lang='lat' dir='ltr'><strong>ad</strong></span> <span class='ocrx_word' id='word_1_189' title='bbox 340 2517 494 2578; x_wconf 90' lang='lat' dir='ltr'><strong>brachiola</strong></span> <span class='ocrx_word' id='word_1_190' title='bbox 511 2517 552 2591; x_wconf 59' lang='lat'><strong>114</strong></span> <span class='ocrx_word' id='word_1_191' title='bbox 570 2537 588 2576; x_wconf 90' lang='lat' dir='ltr'><strong>a</strong></span> <span class='ocrx_word' id='word_1_192' title='bbox 606 2517 766 2578; x_wconf 88' lang='lat' dir='ltr'><strong>brachiolis</strong></span> <span class='ocrx_word' id='word_1_193' title='bbox 785 2535 879 2592; x_wconf 90' lang='lat' dir='ltr'><strong>usque</strong></span> <span class='ocrx_word' id='word_1_194' title='bbox 898 2517 936 2577; x_wconf 92' lang='lat' dir='ltr'><strong>ad</strong></span> <span class='ocrx_word' id='word_1_195' title='bbox 955 2517 1110 2594; x_wconf 82' lang='lat' dir='ltr'><strong>genusii.</strong></span> <span class='ocrx_word' id='word_1_196' title='bbox 1150 2517 1187 2575; x_wconf 92' lang='lat' dir='ltr'><strong>In</strong></span> 
     </span>
    </p>

    <p class='ocr_par' dir='ltr' id='par_1_15' title="bbox 169 2605 1187 2685">
     <span class='ocr_line' id='line_1_25' title="bbox 169 2605 1187 2685; baseline -0.002 -19"><span class='ocrx_word' id='word_1_197' title='bbox 169 2606 294 2685; x_wconf 90' lang='lat' dir='ltr'><strong>genibus</strong></span> <span class='ocrx_word' id='word_1_198' title='bbox 312 2608 512 2682; x_wconf 85' lang='lat' dir='ltr'><strong>parastaticae</strong></span> <span class='ocrx_word' id='word_1_199' title='bbox 531 2606 574 2682; x_wconf 82' lang='lat' dir='ltr'><strong>H3</strong></span> <span class='ocrx_word' id='word_1_200' title='bbox 588 2606 682 2666; x_wconf 87' lang='lat' dir='ltr'><strong>tibiae</strong></span> <span class='ocrx_word' id='word_1_201' title='bbox 695 2606 842 2683; x_wconf 82' lang='lat' dir='ltr'><strong>usquead</strong></span> <span class='ocrx_word' id='word_1_202' title='bbox 861 2607 1003 2666; x_wconf 88' lang='lat' dir='ltr'><strong>articulos</strong></span> <span class='ocrx_word' id='word_1_203' title='bbox 1017 2605 1055 2664; x_wconf 94' lang='grc' dir='ltr'><strong>Π.</strong></span> <span class='ocrx_word' id='word_1_204' title='bbox 1094 2605 1187 2665; x_wconf 82' lang='lat' dir='ltr'><strong>Basca</strong></span> 
     </span>
    </p>
   </div>
   <div class='ocr_carea' id='block_1_6' title="bbox 317 2729 382 2736">
    <p class='ocr_par' dir='ltr' id='par_1_16' title="bbox 317 2729 382 2736">
     <span class='ocr_line' id='line_1_26' title="bbox 317 2729 382 2736; baseline 0.015 -1"><span class='ocrx_word' id='word_1_205' title='bbox 317 2729 382 2736; x_wconf 60' lang='grc'><em>...-</em></span> 
     </span>
    </p>
   </div>
   <div class='ocr_carea' id='block_1_7' title="bbox 168 2773 1187 2966">
    <p class='ocr_par' dir='ltr' id='par_1_17' title="bbox 168 2773 1187 2966">
     <span class='ocr_line' id='line_1_27' title="bbox 242 2773 1187 2881; baseline -0.003 -14"><span class='ocrx_word' id='word_1_206' title='bbox 242 2819 256 2867; x_wconf 92' lang='grc'>1</span> <span class='ocrx_word' id='word_1_207' title='bbox 270 2775 364 2880; x_wconf 65' lang='grc' dir='ltr'><strong>1)τὶωὲ</strong></span> <span class='ocrx_word' id='word_1_208' title='bbox 378 2828 442 2866; x_wconf 91' lang='lat' dir='ltr'><strong>cum</strong></span> <span class='ocrx_word' id='word_1_209' title='bbox 455 2777 587 2881; x_wconf 63' lang='lat' dir='ltr'><strong>perelrent</strong></span> <span class='ocrx_word' id='word_1_210' title='bbox 599 2773 729 2878; x_wconf 61' lang='lat' dir='ltr'><strong>morbdm</strong></span> <span class='ocrx_word' id='word_1_211' title='bbox 742 2813 770 2866; x_wconf 89' lang='lat' dir='ltr'><strong><em>L</em></strong></span> <span class='ocrx_word' id='word_1_212' title='bbox 785 2813 790 2879; x_wconf 91' lang='grc' dir='ltr'>Ι</span> <span class='ocrx_word' id='word_1_213' title='bbox 806 2813 1003 2880; x_wconf 87' lang='lat' dir='ltr'><strong>compararent</strong></span> <span class='ocrx_word' id='word_1_214' title='bbox 1016 2813 1086 2866; x_wconf 76' lang='lat' dir='ltr'><strong>coci.</strong></span> <span class='ocrx_word' id='word_1_215' title='bbox 1103 2811 1187 2866; x_wconf 79' lang='lat' dir='ltr'><strong>Geso..</strong></span> 
     </span>
     <span class='ocr_line' id='line_1_28' title="bbox 168 2881 1186 2966; baseline -0.002 -28"><span class='ocrx_word' id='word_1_216' title='bbox 168 2887 352 2952; x_wconf 78' lang='lat' dir='ltr'><strong>susceperant</strong></span> <span class='ocrx_word' id='word_1_217' title='bbox 360 2884 440 2939; x_wconf 76' lang='lat' dir='ltr'><strong>Scina.</strong></span> <span class='ocrx_word' id='word_1_218' title='bbox 455 2886 465 2953; x_wconf 80' lang='grc' dir='ltr'><strong>ΙΙ</strong></span> <span class='ocrx_word' id='word_1_219' title='bbox 479 2888 619 2954; x_wconf 74' lang='lat' dir='ltr'><strong>agregem</strong></span> <span class='ocrx_word' id='word_1_220' title='bbox 629 2883 825 2966; x_wconf 61' lang='lat' dir='ltr'><strong>integrule</strong></span> <span class='ocrx_word' id='word_1_221' title='bbox 841 2899 927 2950; x_wconf 87' lang='lat' dir='ltr'><strong>quam</strong></span> <span class='ocrx_word' id='word_1_222' title='bbox 937 2883 1067 2938; x_wconf 89' lang='lat' dir='ltr'><strong>LPcum</strong></span> <span class='ocrx_word' id='word_1_223' title='bbox 1076 2881 1162 2936; x_wconf 81' lang='lat' dir='ltr'><strong>Febr.</strong></span> <span class='ocrx_word' id='word_1_224' title='bbox 1177 2882 1186 2954; x_wconf 75' lang='lat' dir='ltr'><strong>ll</strong></span> 
     </span>
    </p>
   </div>
   <div class='ocr_carea' id='block_1_8' title="bbox 167 2972 1186 3130">
    <p class='ocr_par' dir='ltr' id='par_1_18' title="bbox 167 2972 1186 3130">
     <span class='ocr_line' id='line_1_29' title="bbox 167 2972 1186 3074; baseline -0.002 -30"><span class='ocrx_word' id='word_1_225' title='bbox 167 2991 286 3074; x_wconf 76' lang='lat' dir='ltr'><strong>3nocet</strong></span> <span class='ocrx_word' id='word_1_226' title='bbox 305 2990 384 3059; x_wconf 71' lang='lat' dir='ltr'><strong>Llli</strong></span> <span class='ocrx_word' id='word_1_227' title='bbox 402 2989 443 3074; x_wconf 68' lang='lat'><strong>§§</strong></span> <span class='ocrx_word' id='word_1_228' title='bbox 458 2993 530 3044; x_wconf 84' lang='grc'><strong>6-8</strong></span> <span class='ocrx_word' id='word_1_229' title='bbox 549 2991 644 3044; x_wconf 77' lang='lat' dir='ltr'><strong>oraP</strong></span> <span class='ocrx_word' id='word_1_230' title='bbox 661 2991 670 3058; x_wconf 79' lang='lat' dir='ltr'><strong>ll</strong></span> <span class='ocrx_word' id='word_1_231' title='bbox 689 2995 704 3043; x_wconf 82' lang='lat'>5</span> <span class='ocrx_word' id='word_1_232' title='bbox 723 2972 828 3072; x_wconf 77' lang='lat' dir='ltr'><strong>inserdt</strong></span> <span class='ocrx_word' id='word_1_233' title='bbox 846 2987 959 3042; x_wconf 88' lang='lat' dir='ltr'><strong>morbus</strong></span> <span class='ocrx_word' id='word_1_234' title='bbox 979 2989 1005 3042; x_wconf 93' lang='lat' dir='ltr'><strong><em>L</em></strong></span> <span class='ocrx_word' id='word_1_235' title='bbox 1023 2991 1033 3072; x_wconf 68' lang='lat' dir='ltr'><strong>ll</strong></span> <span class='ocrx_word' id='word_1_236' title='bbox 1051 2995 1066 3042; x_wconf 82' lang='lat'>6</span> <span class='ocrx_word' id='word_1_237' title='bbox 1086 2989 1116 3041; x_wconf 91' lang='lat' dir='ltr'><strong>in</strong></span> <span class='ocrx_word' id='word_1_238' title='bbox 1134 3005 1186 3042; x_wconf 91' lang='lat' dir='ltr'><strong>nu-</strong></span> 
     </span>
     <span class='ocr_line' id='line_1_30' title="bbox 168 3059 1186 3130; baseline -0.003 -14"><span class='ocrx_word' id='word_1_239' title='bbox 168 3077 244 3116; x_wconf 91' lang='lat' dir='ltr'><strong>mero</strong></span> <span class='ocrx_word' id='word_1_240' title='bbox 264 3079 288 3114; x_wconf 79' lang='lat' dir='ltr'><strong>su</strong></span> <span class='ocrx_word' id='word_1_241' title='bbox 308 3059 426 3116; x_wconf 78' lang='lat' dir='ltr'><strong>stabulis</strong></span> <span class='ocrx_word' id='word_1_242' title='bbox 445 3062 472 3115; x_wconf 95' lang='lat' dir='ltr'><strong><em>L</em></strong></span> <span class='ocrx_word' id='word_1_243' title='bbox 503 3063 513 3130; x_wconf 87' lang='grc' dir='ltr'><strong>ΙΙ</strong></span> <span class='ocrx_word' id='word_1_244' title='bbox 543 3063 667 3115; x_wconf 75' lang='lat' dir='ltr'><strong>isemat</strong></span> <span class='ocrx_word' id='word_1_245' title='bbox 685 3077 705 3113; x_wconf 90' lang='lat' dir='ltr'><strong>s.</strong></span> <span class='ocrx_word' id='word_1_246' title='bbox 720 3077 815 3129; x_wconf 78' lang='lat' dir='ltr'><strong>passio</strong></span> <span class='ocrx_word' id='word_1_247' title='bbox 834 3060 861 3115; x_wconf 96' lang='lat' dir='ltr'><strong><em>L</em></strong></span> <span class='ocrx_word' id='word_1_248' title='bbox 879 3077 947 3115; x_wconf 85' lang='lat' dir='ltr'><strong>corr.</strong></span> <span class='ocrx_word' id='word_1_249' title='bbox 963 3059 1004 3113; x_wconf 84' lang='lat' dir='ltr'><strong>L²</strong></span> <span class='ocrx_word' id='word_1_250' title='bbox 1021 3078 1053 3114; x_wconf 82' lang='lat' dir='ltr'><strong>aa</strong></span> <span class='ocrx_word' id='word_1_251' title='bbox 1070 3077 1156 3130; x_wconf 75' lang='lat' dir='ltr'><strong>marg.</strong></span> <span class='ocrx_word' id='word_1_252' title='bbox 1176 3062 1186 3130; x_wconf 78' lang='lat' dir='ltr'><strong>ll</strong></span> 
     </span>
    </p>
   </div>
   <div class='ocr_carea' id='block_1_9' title="bbox 168 3147 1186 3398">
    <p class='ocr_par' dir='ltr' id='par_1_19' title="bbox 168 3147 1186 3398">
     <span class='ocr_line' id='line_1_31' title="bbox 169 3147 690 3256; baseline -0.004 -16"><span class='ocrx_word' id='word_1_253' title='bbox 169 3191 202 3240; x_wconf 89' lang='grc'><strong>12</strong></span> <span class='ocrx_word' id='word_1_254' title='bbox 221 3147 312 3255; x_wconf 55' lang='lat' dir='ltr'><strong>partis</strong></span> <span class='ocrx_word' id='word_1_255' title='bbox 331 3189 357 3242; x_wconf 93' lang='lat' dir='ltr'><strong><em>L</em></strong></span> <span class='ocrx_word' id='word_1_256' title='bbox 373 3189 377 3256; x_wconf 94' lang='grc' dir='ltr'>Ι</span> <span class='ocrx_word' id='word_1_257' title='bbox 394 3201 589 3256; x_wconf 89' lang='lat' dir='ltr'><strong>organorumq.</strong></span> <span class='ocrx_word' id='word_1_258' title='bbox 604 3185 690 3240; x_wconf 72' lang='lat' dir='ltr'><strong>Faba.</strong></span> 
     </span>
     <span class='ocr_line' id='line_1_32' title="bbox 240 3253 1185 3326; baseline -0.005 -14"><span class='ocrx_word' id='word_1_259' title='bbox 240 3263 274 3312; x_wconf 87' lang='lat' dir='ltr'><strong>1e</strong></span> <span class='ocrx_word' id='word_1_260' title='bbox 292 3257 425 3326; x_wconf 85' lang='lat' dir='ltr'><strong>passione</strong></span> <span class='ocrx_word' id='word_1_261' title='bbox 439 3273 464 3311; x_wconf 89' lang='lat' dir='ltr'><strong>o.</strong></span> <span class='ocrx_word' id='word_1_262' title='bbox 481 3257 529 3326; x_wconf 72' lang='lat' dir='ltr'><strong>(ill</strong></span> <span class='ocrx_word' id='word_1_263' title='bbox 545 3262 577 3310; x_wconf 87' lang='grc'><strong>19</strong></span> <span class='ocrx_word' id='word_1_264' title='bbox 596 3255 627 3310; x_wconf 93' lang='lat' dir='ltr'><strong>id</strong></span> <span class='ocrx_word' id='word_1_265' title='bbox 642 3259 686 3311; x_wconf 88' lang='lat' dir='ltr'><strong>est</strong></span> <span class='ocrx_word' id='word_1_266' title='bbox 698 3256 738 3311; x_wconf 85' lang='lat' dir='ltr'><strong>eol.</strong></span> <span class='ocrx_word' id='word_1_267' title='bbox 750 3273 794 3326; x_wconf 82' lang='lat' dir='ltr'><strong>pr.</strong></span> <span class='ocrx_word' id='word_1_268' title='bbox 813 3259 817 3326; x_wconf 87' lang='grc' dir='ltr'>Ι</span> <span class='ocrx_word' id='word_1_269' title='bbox 833 3256 932 3311; x_wconf 88' lang='lat' dir='ltr'><strong>dentes</strong></span> <span class='ocrx_word' id='word_1_270' title='bbox 946 3255 1003 3324; x_wconf 87' lang='lat' dir='ltr'><strong>XL,</strong></span> <span class='ocrx_word' id='word_1_271' title='bbox 1016 3255 1055 3310; x_wconf 92' lang='lat' dir='ltr'><strong>IV</strong></span> <span class='ocrx_word' id='word_1_272' title='bbox 1070 3253 1185 3310; x_wconf 87' lang='lat' dir='ltr'><strong>caninos</strong></span> 
     </span>
     <span class='ocr_line' id='line_1_33' title="bbox 168 3326 1186 3398; baseline -0.002 -16"><span class='ocrx_word' id='word_1_273' title='bbox 168 3331 198 3382; x_wconf 89' lang='lat' dir='ltr'><strong>et</strong></span> <span class='ocrx_word' id='word_1_274' title='bbox 215 3327 254 3382; x_wconf 90' lang='lat' dir='ltr'><strong>IV</strong></span> <span class='ocrx_word' id='word_1_275' title='bbox 272 3343 388 3398; x_wconf 83' lang='lat' dir='ltr'><strong>rapaces</strong></span> <span class='ocrx_word' id='word_1_276' title='bbox 407 3330 435 3384; x_wconf 77' lang='lat' dir='ltr'><strong><em>A</em></strong></span> <span class='ocrx_word' id='word_1_277' title='bbox 449 3330 458 3398; x_wconf 76' lang='lat' dir='ltr'><strong>ll</strong></span> <span class='ocrx_word' id='word_1_278' title='bbox 472 3333 507 3381; x_wconf 84' lang='grc'><strong>20</strong></span> <span class='ocrx_word' id='word_1_279' title='bbox 524 3327 634 3381; x_wconf 85' lang='lat' dir='ltr'><strong>fondoli</strong></span> <span class='ocrx_word' id='word_1_280' title='bbox 653 3329 718 3380; x_wconf 87' lang='lat' dir='ltr'><strong>sunt</strong></span> <span class='ocrx_word' id='word_1_281' title='bbox 735 3326 775 3381; x_wconf 88' lang='lat' dir='ltr'><strong>VI</strong></span> <span class='ocrx_word' id='word_1_282' title='bbox 793 3328 923 3396; x_wconf 85' lang='lat' dir='ltr'><strong>spatulae</strong></span> <span class='ocrx_word' id='word_1_283' title='bbox 941 3329 970 3381; x_wconf 89' lang='lat' dir='ltr'><strong>et</strong></span> <span class='ocrx_word' id='word_1_284' title='bbox 987 3345 1010 3381; x_wconf 90' lang='lat' dir='ltr'><strong>r.</strong></span> <span class='ocrx_word' id='word_1_285' title='bbox 1025 3328 1074 3396; x_wconf 70' lang='grc' dir='ltr'><strong>ΡΗ</strong></span> <span class='ocrx_word' id='word_1_286' title='bbox 1088 3332 1119 3380; x_wconf 88' lang='grc'><strong>21</strong></span> <span class='ocrx_word' id='word_1_287' title='bbox 1139 3343 1186 3380; x_wconf 89' lang='lat' dir='ltr'><strong>us·</strong></span> 
     </span>
    </p>
   </div>
   <div class='ocr_carea' id='block_1_10' title="bbox 168 3397 1186 3470">
    <p class='ocr_par' dir='ltr' id='par_1_20' title="bbox 168 3397 1186 3470">
     <span class='ocr_line' id='line_1_34' title="bbox 168 3397 1186 3470; baseline -0.002 -17"><span class='ocrx_word' id='word_1_288' title='bbox 168 3416 224 3469; x_wconf 90' lang='lat' dir='ltr'><strong>que</strong></span> <span class='ocrx_word' id='word_1_289' title='bbox 242 3400 280 3453; x_wconf 87' lang='lat' dir='ltr'><strong>ad</strong></span> <span class='ocrx_word' id='word_1_290' title='bbox 298 3401 386 3454; x_wconf 89' lang='lat' dir='ltr'><strong>imum</strong></span> <span class='ocrx_word' id='word_1_291' title='bbox 400 3415 559 3454; x_wconf 87' lang='lat' dir='ltr'><strong>muscarum</strong></span> <span class='ocrx_word' id='word_1_292' title='bbox 573 3398 660 3453; x_wconf 89' lang='lat' dir='ltr'><strong>habet</strong></span> <span class='ocrx_word' id='word_1_293' title='bbox 674 3400 701 3453; x_wconf 95' lang='lat' dir='ltr'><strong><em>L</em></strong></span> <span class='ocrx_word' id='word_1_294' title='bbox 719 3404 823 3470; x_wconf 72' lang='lat' dir='ltr'><strong>(margo</strong></span> <span class='ocrx_word' id='word_1_295' title='bbox 841 3399 1023 3466; x_wconf 88' lang='lat' dir='ltr'><strong>muscarium)</strong></span> <span class='ocrx_word' id='word_1_296' title='bbox 1040 3413 1130 3468; x_wconf 89' lang='lat' dir='ltr'><strong>usque</strong></span> <span class='ocrx_word' id='word_1_297' title='bbox 1149 3397 1186 3451; x_wconf 89' lang='lat' dir='ltr'><strong>ad</strong></span> 
     </span>
    </p>
   </div>
   <div class='ocr_carea' id='block_1_11' title="bbox 54 3468 1186 3537">
    <p class='ocr_par' dir='ltr' id='par_1_21' title="bbox 54 3468 1186 3537">
     <span class='ocr_line' id='line_1_35' title="bbox 54 3468 1186 3537; baseline -0.003 -13"><span class='ocrx_word' id='word_1_298' title='bbox 54 3532 56 3536; x_wconf 45' lang='grc'>,</span> <span class='ocrx_word' id='word_1_299' title='bbox 91 3471 101 3492; x_wconf 71' lang='lat'><em>‘</em></span> <span class='ocrx_word' id='word_1_300' title='bbox 169 3470 320 3524; x_wconf 89' lang='lat' dir='ltr'><strong>dimidium</strong></span> <span class='ocrx_word' id='word_1_301' title='bbox 334 3471 372 3526; x_wconf 83' lang='lat' dir='ltr'><strong>VI</strong></span> <span class='ocrx_word' id='word_1_302' title='bbox 385 3471 526 3525; x_wconf 86' lang='lat' dir='ltr'><strong>musculos</strong></span> <span class='ocrx_word' id='word_1_303' title='bbox 540 3470 636 3536; x_wconf 85' lang='lat' dir='ltr'><strong>habet,</strong></span> <span class='ocrx_word' id='word_1_304' title='bbox 651 3469 846 3524; x_wconf 89' lang='lat' dir='ltr'><strong>commissuras</strong></span> <span class='ocrx_word' id='word_1_305' title='bbox 860 3485 925 3524; x_wconf 87' lang='lat' dir='ltr'><strong>vero</strong></span> <span class='ocrx_word' id='word_1_306' title='bbox 941 3469 993 3523; x_wconf 85' lang='lat' dir='ltr'><strong>XII</strong></span> <span class='ocrx_word' id='word_1_307' title='bbox 1007 3471 1035 3525; x_wconf 91' lang='lat' dir='ltr'><strong><em>P</em></strong></span> <span class='ocrx_word' id='word_1_308' title='bbox 1046 3485 1134 3537; x_wconf 89' lang='lat' dir='ltr'><strong>usque</strong></span> <span class='ocrx_word' id='word_1_309' title='bbox 1149 3468 1186 3522; x_wconf 87' lang='lat' dir='ltr'><strong>ad</strong></span> 
     </span>
    </p>
   </div>
   <div class='ocr_carea' id='block_1_12' title="bbox 168 3540 1187 3684">
    <p class='ocr_par' dir='ltr' id='par_1_22' title="bbox 168 3540 1187 3684">
     <span class='ocr_line' id='line_1_36' title="bbox 168 3540 1187 3611; baseline -0.001 -16"><span class='ocrx_word' id='word_1_310' title='bbox 168 3559 194 3595; x_wconf 86' lang='lat' dir='ltr'><strong>a.</strong></span> <span class='ocrx_word' id='word_1_311' title='bbox 205 3541 243 3594; x_wconf 76' lang='lat' dir='ltr'><strong>vi</strong></span> <span class='ocrx_word' id='word_1_312' title='bbox 257 3542 459 3596; x_wconf 87' lang='lat' dir='ltr'><strong>muscularium</strong></span> <span class='ocrx_word' id='word_1_313' title='bbox 468 3543 496 3596; x_wconf 83' lang='lat' dir='ltr'><strong><em>A</em></strong></span> <span class='ocrx_word' id='word_1_314' title='bbox 505 3540 556 3594; x_wconf 88' lang='lat' dir='ltr'><strong>VH</strong></span> <span class='ocrx_word' id='word_1_315' title='bbox 566 3542 605 3596; x_wconf 80' lang='lat' dir='ltr'><strong>ad.</strong></span> <span class='ocrx_word' id='word_1_316' title='bbox 613 3558 657 3610; x_wconf 78' lang='lat' dir='ltr'><strong>pr.</strong></span> <span class='ocrx_word' id='word_1_317' title='bbox 672 3544 681 3611; x_wconf 87' lang='grc' dir='ltr'><strong>ΙΙ</strong></span> <span class='ocrx_word' id='word_1_318' title='bbox 696 3547 728 3596; x_wconf 91' lang='grc'><strong>22</strong></span> <span class='ocrx_word' id='word_1_319' title='bbox 743 3542 945 3611; x_wconf 89' lang='lat' dir='ltr'><strong>posterioribus</strong></span> <span class='ocrx_word' id='word_1_320' title='bbox 956 3542 984 3595; x_wconf 94' lang='lat' dir='ltr'><strong><em>P</em></strong></span> <span class='ocrx_word' id='word_1_321' title='bbox 998 3544 1001 3609; x_wconf 92' lang='grc' dir='ltr'>Ι</span> <span class='ocrx_word' id='word_1_322' title='bbox 1016 3540 1132 3610; x_wconf 86' lang='lat' dir='ltr'><strong>regulae</strong></span> <span class='ocrx_word' id='word_1_323' title='bbox 1142 3540 1187 3610; x_wconf 61' lang='grc' dir='ltr'><strong>Ρη</strong></span> 
     </span>
     <span class='ocr_line' id='line_1_37' title="bbox 169 3612 677 3684; baseline 0 -18"><span class='ocrx_word' id='word_1_324' title='bbox 169 3618 204 3667; x_wconf 77' lang='grc'><strong>23</strong></span> <span class='ocrx_word' id='word_1_325' title='bbox 219 3629 293 3684; x_wconf 89' lang='lat' dir='ltr'><strong>genu</strong></span> <span class='ocrx_word' id='word_1_326' title='bbox 308 3615 369 3668; x_wconf 90' lang='lat' dir='ltr'><strong>LP</strong></span> <span class='ocrx_word' id='word_1_327' title='bbox 379 3616 388 3683; x_wconf 85' lang='grc' dir='ltr'><strong>ΙΙ</strong></span> <span class='ocrx_word' id='word_1_328' title='bbox 402 3618 436 3666; x_wconf 88' lang='grc'><strong>24</strong></span> <span class='ocrx_word' id='word_1_329' title='bbox 456 3629 473 3666; x_wconf 89' lang='lat' dir='ltr'><strong>a</strong></span> <span class='ocrx_word' id='word_1_330' title='bbox 491 3612 563 3666; x_wconf 87' lang='lat' dir='ltr'><strong>tibia</strong></span> <span class='ocrx_word' id='word_1_331' title='bbox 582 3614 621 3667; x_wconf 85' lang='lat' dir='ltr'><strong>ed.</strong></span> <span class='ocrx_word' id='word_1_332' title='bbox 633 3623 677 3682; x_wconf 75' lang='lat' dir='ltr'><strong>pr.</strong></span> 
     </span>
    </p>
   </div>
   <div class='ocr_carea' id='block_1_13' title="bbox 0 0 1351 3926">
    <p class='ocr_par' dir='ltr' id='par_1_23' title="bbox 0 0 1351 3926">
     <span class='ocr_line' id='line_1_38' title="bbox 0 0 1351 3926; baseline 0 0"><span class='ocrx_word' id='word_1_333' title='bbox 0 0 1351 3926; x_wconf 95' lang='lat' dir='ltr'><strong> </strong></span> 
     </span>
    </p>
   </div>
  </div>
 </body>
</html>
