2682 3920
195 196 238 260 84
630 195 764 249 VEGETI

195 363 330 422 redactos
352 365 384 421 in
407 365 557 438 pulverem
576 383 690 439 ovoque
713 364 802 422 crudo
820 365 970 422 immixtos
994 381 1061 422 cum
1083 363 1202 420 hemina

142 453 181 510 16
196 453 261 510 vini
283 454 390 528 optimi
416 471 469 528 per
498 471 530 511 os
558 454 727 527 frequenter
753 453 892 511 infundis.
939 453 993 510 nst
1020 453 1080 510 alia
1103 469 1201 526 sump-

194 543 309 600 tuosior
330 541 382 600 sed
411 542 659 600 accommodatior
685 544 767 617 potio
798 542 834 599 ad
857 559 957 600 omnes
986 541 1103 599 morbos
1127 558 1202 614 quac

195 633 225 688 et
254 631 388 689 celeriter
416 629 510 688 reficit
540 633 569 689 et
597 648 663 688 cum
696 633 872 690 intrinsecus
904 631 1090 707 purgaverit,
1119 631 1203 687 curat

196 737 296 777 omnes
319 719 449 777 morbos:
472 721 578 778 tussim
600 721 729 778 veterem
751 719 913 794 phthisicos
936 718 1035 778 vulsos
1059 719 1090 776 et
1113 735 1200 791 quae·
1230 738 1243 778 e

141 810 179 865 17
196 825 311 882 cunque
340 810 447 866 vexata
476 811 545 866 sunt
571 810 604 865 in
633 810 756 882 opertis:
785 810 921 883 ptisanae
944 807 1059 880 sextI,
1082 807 1201 866 seminis

195 897 251 954 lini
267 896 425 971 heminam,
442 897 523 955 faeni
541 894 646 955 Graeci
663 896 821 971 heminam,
844 899 922 955 croci
939 915 1004 954 unc.
1022 895 1046 970 I,
1065 913 1203 954 aaronem

195 986 306 1044 salsum
328 987 410 1061 porci
435 987 554 1062 pinguis
577 986 626 1044 vel
654 987 865 1062 longanonem,
891 986 939 1044 vol
961 987 987 1043 si
1008 986 1131 1060 porcina
1153 983 1202 1042 de-

195 1075 306 1132 fuerint
335 1077 424 1149 caput
450 1073 609 1132 haedinum
634 1073 810 1151 depilatum,
840 1092 907 1132 cum
934 1073 1057 1149 pedibus
1085 1073 1145 1132 suis
1172 1075 1203 1131 et

195 1161 323 1220 cordulis
352 1163 560 1221 intestinorum
592 1163 722 1238 mundis,
752 1164 874 1239 hyssopi
902 1162 1058 1221 fasciculos
1081 1161 1125 1235 Π,
1154 1179 1200 1220 oo·
1216 1182 1242 1222 ro

197 1251 274 1310 eleas
297 1269 451 1328 germanas
474 1250 542 1325 XV,
565 1251 668 1312 bulbos
691 1252 755 1326 XV,
777 1252 849 1310 fieus
872 1252 1004 1326 duplices
1026 1250 1093 1325 XX,
1116 1253 1201 1308 rutae

194 1340 381 1414 fasciculum,
409 1339 550 1398 bacarum
579 1341 657 1398 lauri
687 1341 756 1398 dum
779 1343 877 1399 virent
899 1340 1073 1412 sextarium,
1100 1339 1201 1414 dacty-

194 1429 238 1487 los
261 1429 328 1502 XX,
356 1431 409 1487 alii
432 1431 532 1503 capita
554 1428 614 1504 III,
640 1431 702 1488 sevi
729 1432 844 1505 caprini
866 1448 930 1488 unc.
949 1429 1001 1503 VI,
1023 1428 1107 1504 pulei
1132 1429 1202 1487 sicci

141 1518 181 1575 18
196 1518 382 1576 fasdoulum:
408 1517 482 1575 haec
504 1520 604 1576 omnia
625 1521 755 1595 purgata
781 1518 945 1592 leniterque
972 1521 1095 1577 contusa
1117 1517 1201 1575 deeo-

196 1624 267 1681 ques
289 1607 321 1665 in
335 1625 423 1680 aqua
441 1607 609 1679 cisternina,
632 1606 724 1664 donec
747 1626 835 1665 acron
857 1607 908 1664 ille
931 1607 979 1664 vel
1002 1608 1093 1680 caput
1114 1605 1201 1664 haedi
1215 1625 1240 1664 15

194 1694 340 1768 liquescat
362 1697 392 1752 et
414 1694 595 1753 dissolvatur
622 1694 659 1753 ab
682 1695 809 1770 ossibus;
838 1698 959 1771 propter
982 1694 1062 1769 quod
1085 1694 1201 1753 assidue

196 1801 304 1856 aquam
326 1783 457 1841 infundis
485 1801 521 1840 ne
549 1782 704 1857 aduratur,
732 1783 782 1842 sed
805 1783 945 1842 fervendo
972 1785 1092 1860 pinguis
1115 1801 1200 1841 sucus

141 1873 180 1930 19
196 1874 347 1946 appareat.
392 1870 465 1929 Post
482 1871 554 1930 haec
573 1871 796 1948 diligentissime
815 1872 925 1931 colabis
949 1872 987 1930 ad
1010 1873 1115 1944 colum,
1137 1874 1202 1929 tum

194 1959 344 2018 tracenthi
371 1979 436 2018 unc.
455 1959 471 2017 Ι
491 1962 523 2017 in
546 1963 606 2019 tres
629 1960 742 2020 divides
764 1964 877 2037 partae,
906 1962 952 2019 ita
979 1963 1014 2020 ut
1044 1960 1147 2018 exinde
1169 1962 1200 2018 in

195 2067 284 2107 unam
313 2048 464 2123 potionem
492 2050 635 2109 missurus
664 2050 761 2125 pridie
790 2050 929 2108 infundas
956 2050 988 2107 in
1017 2049 1145 2108 calidam
1167 2050 1201 2106 ut
1215 2071 1241 2109 ro

196 2139 389 2215 inturgesoat3
418 2141 490 2196 tunc
512 2139 596 2197 addis
624 2140 705 2213 passi
727 2142 799 2198 sext.
817 2139 871 2213 III,
894 2138 988 2197 tribus
1017 2137 1119 2196 diebus
1142 2139 1201 2196 sin-

266 2366 282 2413 1
300 2360 357 2414 Pel.
373 2377 395 2413 c.
411 2365 462 2414 508
482 2359 515 2413 cf.
531 2360 599 2430 Veg.
614 2359 652 2412 ΠΙ
671 2366 695 2414 8,
715 2359 787 2414 chir.
803 2377 825 2414 c.
842 2365 901 2413 201.

267 2579 281 2625 1
301 2589 379 2640 ovaq.
394 2572 480 2626 cruda
499 2589 562 2625 cum
580 2571 606 2624 h.
622 2574 649 2625 P
663 2572 667 2644 Ι
683 2572 809 2625 immixto
823 2573 851 2626 A
869 2572 956 2625 mixto
981 2574 985 2640 Ι
1009 2588 1072 2626 oum
1091 2571 1200 2639 cymino

195 2643 294 2697 viniF
305 2646 314 2713 ΙΙ
328 2649 344 2696 2
358 2662 385 2712 p.
400 2660 431 2697 os
445 2643 554 2696 dederis
568 2643 608 2696 cd.
615 2660 659 2711 pr.
676 2647 681 2711 Ι
697 2646 741 2697 cst
753 2646 783 2697 et
796 2659 820 2696 a.
831 2660 852 2696 s.
867 2643 1019 2710 quidomP
1029 2645 1038 2711 ΙΙ
1053 2649 1068 2695 3
1084 2643 1120 2696 ad
1130 2658 1154 2695 o.
1164 2660 1199 2694 m.

195 2731 245 2769 om.
260 2716 321 2769 FP
336 2714 407 2781 πρὸς
419 2712 512 2768 πάντα
526 2715 612 2782 Hipp.
632 2716 641 2782 ΙΙ
661 2721 678 2768 4
697 2716 726 2767 et
739 2715 822 2782 prius
834 2731 885 2768 om.
900 2715 960 2768 FP
979 2717 988 2783 Ι
1012 2719 1028 2766 6
1047 2714 1077 2767 in
1094 2731 1117 2767 o.
1132 2712 1201 2766 locis

196 2786 257 2840 FP
267 2787 277 2854 ΙΙ
292 2790 305 2837 7
320 2785 393 2838 foen.
408 2801 458 2838 om.
473 2786 501 2838 P
512 2785 599 2854 Hipp.
620 2786 681 2856 ch.
691 2787 770 2840 1113
782 2788 791 2854 ΙΙ
806 2790 830 2850 7,
845 2791 861 2838 8
879 2801 1008 2839 aaronem
1018 2784 1202 2837 —defuerint

195 2873 245 2911 om.
261 2858 289 2910 P
299 2858 308 2924 ΙΙ
322 2861 338 2910 8
353 2855 457 2908 salsum
471 2871 520 2908 om.
535 2856 566 2909 F
575 2858 585 2924 ΙΙ
600 2861 633 2909 10
648 2856 769 2910 corbulis
784 2859 811 2910 P
825 2860 829 2926 Ι
845 2856 1035 2909 mundissimis
1050 2857 1109 2910 FA
1123 2872 1201 2908 mun-

196 2927 309 2981 dissime
328 2926 483 2995 depilatum
501 2928 546 2995 ΡΙ
562 2926 651 2981 tasoes
671 2927 740 2980 duas
759 2929 798 2982 ad.
810 2946 854 2996 pr.
877 2927 887 2994 ΙΙ
911 2933 942 2980 11
963 2925 1062 2980 bulbos
1081 2925 1132 2978 XV
1150 2942 1200 2980 om.

196 3000 224 3052 P
243 3000 252 3066 Ι
277 3002 308 3050 11
328 3014 391 3050 cum
410 3014 433 3051 v.
453 2998 492 3052 ed.
504 3015 548 3066 pr.
567 2998 700 3051 viridium
718 3001 745 3052 P
765 3000 775 3067 ΙΙ
799 3003 832 3053 14
849 2998 951 3052 leuiter
969 3000 996 3051 P
1019 2999 1022 3066 Ι
1047 3001 1129 3050 tonsa
1147 2999 1175 3050 A
1191 2997 1201 3119 Ι

197 3074 230 3122 15
249 3068 368 3122 cisterne
386 3069 413 3121 A
437 3070 441 3136 Ι
467 3067 554 3122 donec
574 3071 659 3138 caput
676 3068 748 3121 illud
765 3069 904 3138 liquescat
922 3071 949 3122 P
972 3071 975 3138 Ι
998 3084 1062 3123 acro
1081 3069 1108 3121 A
1131 3067 1135 3137 Ι
1157 3083 1190 3121 ve

197 3141 271 3192 certe
289 3155 311 3192 c.
330 3139 370 3192 ed.
381 3157 425 3207 pr.
440 3139 485 3193 vel
502 3155 535 3193 ca
555 3139 665 3192 itellum
682 3139 750 3208 liqu.
771 3140 801 3193 F
826 3142 835 3208 ΙΙ
866 3145 898 3192 16
918 3156 1001 3208 saepe
1020 3141 1047 3194 P
1074 3141 1083 3208 ΙΙ
1109 3144 1201 3193 1111-

196 3208 291 3262 fundis
309 3210 348 3264 ed.
359 3227 403 3278 pr.
433 3213 437 3279 Ι
467 3158 667 3264 cumdurantur
685 3213 712 3263 A
731 3211 884 3264 adurantur
902 3213 929 3265 P
958 3213 962 3280 Ι
991 3210 1132 3280 pinguedo
1152 3224 1201 3262 sua

197 3280 258 3334 FA
275 3279 388 3350 pinguis
407 3298 488 3334 sucus
507 3284 535 3337 P
551 3281 717 3351 pinguescat
739 3281 783 3336 vel
809 3298 890 3335 sucus
908 3281 969 3350 ipse
992 3280 1125 3350 pinguior
1143 3279 1201 3334 effi-

198 3349 288 3403 ciatur
310 3352 349 3404 ad.
365 3370 409 3421 pr.
434 3351 499 3416 ὥςτε
521 3353 557 3421 μὴ
573 3395 578 3405 .
595 3396 600 3406 .
618 3351 736 3417 λιπαρὸν
758 3359 875 3420 ποιῆσαι
903 3351 952 3406 τὸν
980 3351 1064 3422 zolde
1089 3351 1173 3420 Hipp.

199 3426 231 3474 18
251 3437 314 3474 oum
328 3423 361 3476 tr.
374 3439 437 3477 unc.
452 3423 490 3476 111
508 3423 615 3476 divides
629 3423 659 3474 in
677 3439 704 3490 p.
719 3424 769 3504 ΡΙΙ
782 3427 814 3475 19
833 3423 875 3476 ita
892 3425 924 3475 ut
938 3425 965 3476 P
981 3423 999 3475 i.
1014 3422 1090 3490 quod
1108 3423 1179 3492 vulp.

198 3497 231 3544 20
250 3510 286 3545 m.
305 3509 334 3546 es
352 3495 423 3564 culo.
443 3510 472 3547 es
491 3511 540 3548 orn.
556 3492 742 3559 Plinfundis
761 3510 778 3546 1.
799 3510 821 3547 c.
841 3494 883 3546 ita
900 3495 996 3562 υ1ΔΙΙ
1010 3498 1042 3545 21
1062 3495 1135 3561 turg.
1154 3493 1199 3563 ΡΙ

199 3562 271 3616 adde
289 3565 334 3632 ΡΙ
350 3567 379 3618 et
397 3563 485 3618 tribus
505 3564 530 3616 d.
551 3564 621 3633 sing.
641 3565 709 3616 sext.
727 3564 767 3617 ed.
778 3582 822 3632 pr.
