2682 3920
494 232 633 288 MVLOM.
654 233 783 290 119-11
1082 232 1144 297 105

130 403 288 460 Potionem
319 401 402 461 dabis
436 421 495 476 qua
527 403 671 460 sanantur
703 402 811 478 apiosi:
843 403 999 460 nasturtii
1017 403 1180 476 seminini

133 492 196 567 apii
209 491 338 566 seminis,
356 492 477 550 seminis
495 491 638 564 lactucae,
657 491 699 548 ali
718 489 836 565 Gallici,
854 491 1036 565 petroselini,
1056 492 1145 567 aneti,

132 578 289 656 papaveris
313 579 444 638 silvatici
466 581 586 639 seminis
609 597 674 638 unc.
693 579 717 652 Ι,
739 580 852 656 piperis
875 597 970 656 scrup.
989 579 1044 653 m,
1068 581 1147 638 croci

132 669 303 728 drachmam
325 688 428 726 unam:
460 687 534 743 quae
562 668 662 728 omnia
690 668 764 726 bene
792 667 922 726 cribrata
951 669 1041 742 atque
1069 687 1146 728 com-

9 831 11 838 Α
106 759 228 818 emixta
251 777 286 815 ex
309 775 389 832 aqua
411 757 590 832 temperabis
614 760 644 816 ct
666 758 828 817 trochiscos
846 758 937 816 facies
960 760 995 816 ut
1016 757 1147 816 habeant

69 922 71 924 Ι
132 865 191 904 non
213 846 312 906 minus
341 866 431 921 quam
458 846 591 924 singulas
621 845 784 906 drachmas.
824 845 861 904 In
891 846 938 906 die
965 865 1057 904 unum
1086 848 1181 904 tro-7

133 935 263 994 cbiscum
285 936 317 992 in
340 955 421 1010 aqua
443 934 617 994 dissolutum
642 955 696 1011 per
723 954 755 994 os
780 934 908 1014 digeres,
937 935 1016 1009 quod
1039 934 1147 994 cotidie

134 1026 253 1098 oportet
274 1023 340 1082 fieri
362 1024 454 1084 donec
473 1026 586 1084 sanitas
604 1024 714 1084 redeat.
761 1023 794 1082 Si
816 1043 876 1082 non
899 1025 1017 1099 appetit
1039 1023 1147 1098 cibum,

132 1113 265 1191 singulos
283 1113 444 1172 trochiscos
467 1105 580 1172 solutos
599 1132 666 1173 cnm
685 1131 754 1172 suco
776 1115 914 1188 ptisanae
932 1112 1040 1171 cotidie
1063 1131 1147 1189 prae-

93 1223 120 1262 ro
133 1201 224 1261 bobis.
278 1201 391 1260 Vinum
427 1221 580 1277 nunquam
616 1201 715 1278 dabis3
751 1203 859 1277 capitis
896 1203 975 1260 enim
1005 1202 1146 1261 valetudo

135 1294 253 1366 sumpto
275 1309 356 1349 mero
380 1290 509 1350 deterior
531 1291 667 1350 efficitur.

515 1481 558 1545 X.
580 1480 631 1546 Dc
653 1481 768 1562 opicae.

202 1609 234 1668 Si
253 1611 332 1686 quod
350 1611 516 1669 iumentum
535 1613 672 1686 apiosum
690 1611 789 1686 fuerit,
807 1611 839 1668 in
856 1611 1012 1686 praesepio
1030 1611 1075 1668 in·
1106 1623 1177 1662 11110
1185 1621 1257 1662 som.

136 1699 256 1774 cumbit,
274 1701 375 1759 oculos
393 1703 493 1760 tensos
511 1698 642 1774 habebit,
659 1699 783 1759 micabit
803 1698 955 1774 amiculis
977 1701 1058 1758 visus
1077 1701 1147 1758 cali-

95 1809 121 1848 11
136 1787 235 1864 ginem
256 1791 389 1864 patietur
412 1790 443 1847 et
466 1791 555 1866 gyrat
576 1789 608 1846 in
631 1788 739 1847 circulo
763 1791 907 1864 tanquam
930 1788 968 1846 ad
991 1789 1094 1849 molas.

497 1979 559 2042 XI.
582 1978 633 2044 Dc
654 1979 785 2045 rabioso.

202 2105 314 2174 Quodsi
336 2108 427 2167 etiam
454 2109 545 2166 fucrit
567 2126 724 2168 conversus
751 2110 784 2166 in
810 2107 936 2183 rabiem,
964 2108 1006 2166 sic
1032 2108 1077 2166 in-
1109 2120 1178 2160 11111
1187 2117 1256 2159 Schn-

134 2196 265 2272 telliges:
283 2195 383 2254 subito
401 2196 518 2254 hinniet
533 2200 676 2272 tanquam
691 2215 789 2271 sanus,
807 2216 910 2272 parem
928 2215 1014 2256 suum
1032 2198 1148 2272 appetit

135 2302 235 2342 morsu
257 2284 305 2343 vel
326 2284 485 2360 hominem,
507 2288 664 2361 praesepia
682 2289 735 2345 aut
757 2285 811 2343 ilia
833 2285 890 2344 sibi
912 2285 1079 2344 mordicans
1101 2304 1148 2344 ro·
1251 2333 1253 2336 .

10 2414 12 2418 -
95 2373 194 2434 rodit:
225 2391 312 2447 quem
335 2374 411 2432 sicut
438 2373 572 2449 apiosum
604 2375 728 2434 curabis.
774 2373 897 2433 Prorsus
925 2374 1087 2433 abstinebis
1111 2375 1148 2432 ab

135 2462 260 2537 hordeo,
295 2461 435 2521 mollibus
468 2462 586 2522 cibariis
614 2463 801 2523 sustentabis.
856 2463 1017 2538 Praecipua
1047 2466 1148 2522 tamen

208 2620 222 2667 1
242 2613 316 2668 Chir.
331 2631 354 2668 c.
370 2619 421 2668 278
441 2615 476 2668 cf.
496 2613 553 2668 Pel.
569 2632 592 2668 c.
607 2621 668 2682 405,
682 2621 743 2669 406.
853 2621 886 2668 13
907 2613 979 2668 Chir.
995 2633 1018 2669 c.
1034 2621 1094 2669 279.

137 2691 169 2738 17
189 2684 262 2739 Chir.
277 2702 300 2739 c.
315 2690 367 2738 280
387 2685 422 2739 cf.
438 2691 498 2739 301.

208 2834 222 2881 1
241 2830 341 2897 postea
360 2828 441 2881 dabis
456 2844 490 2883 ea
508 2845 565 2896 qua
584 2831 719 2882 sanantur
732 2829 780 2896 ΑΙ
801 2844 845 2898 ap.
865 2845 938 2896 quae
957 2831 1000 2883 est
1018 2829 1081 2884 add.
1097 2831 1125 2883 P
1141 2829 1150 2900 11

137 2907 151 2952 2
172 2915 193 2953 s.
207 2899 336 2954 lactucae
355 2917 405 2954 osa.
422 2899 494 2954 cher.
512 2903 516 2967 1
533 2899 573 2953 ali
587 2898 690 2953 Gallici
704 2902 732 2954 A
747 2899 898 2970 allogaliea
915 2917 1009 2970 marpc
1026 2901 1052 2954 G
1066 2915 1149 2970 anag.

135 2971 175 3024 cd.
188 2987 231 3038 pr.
251 2987 310 3041 arg.
331 2971 403 3026 01111.
428 2970 589 3024 consolidae
610 2969 725 3024 maionis
748 2973 777 3025 P
792 2971 827 3037 cf.
841 2989 872 3038 p.
889 2975 935 3036 79,
950 2975 986 3024 13
1020 2974 1023 3038 1
1057 2974 1149 3039 petro-

135 3041 218 3095 selini
236 3055 288 3096 om.
303 3043 331 3096 P
355 3043 364 3111 11
393 3047 409 3095 3
428 3041 563 3096 silvestris
582 3043 611 3096 P
628 3043 700 3096 Cbc'r.
730 3041 734 3113 1
763 3041 868 3111 piperis
886 3058 949 3095 unc.
964 3041 977 3094 Ι
995 3043 1024 3096 Ρ
1046 3043 1050 3110 1
1075 3042 1150 3095 croci

135 3129 185 3166 occ.
201 3115 229 3167 P
239 3116 249 3182 11
263 3117 280 3165 4
294 3112 389 3166 omnia
402 3113 458 3166 ista
467 3115 496 3167 P
509 3115 513 3182 1
529 3113 555 3166 b.
571 3112 640 3166 trita
649 3115 677 3167 P
688 3115 698 3182 11
712 3119 727 3166 5
742 3115 771 3166 et
780 3115 808 3167 P
819 3131 870 3167 om.
884 3113 956 3182 culp.
971 3115 981 3182 11
995 3118 1010 3166 6
1024 3114 1150 3182 magmas

119 3213 120 3218 κ
135 3185 163 3237 Α
178 3201 198 3237 s.
214 3184 241 3237 d.
256 3183 286 3236 in
300 3183 385 3237 dieP
396 3186 445 3252 qai
462 3185 568 3253 reliquo
581 3185 665 3238 buius
678 3185 778 3254 capitis
791 3201 841 3238 om.
856 3184 887 3236 in
901 3183 979 3237 dieta
992 3185 1033 3238 ed.
1043 3201 1088 3252 pr.
1099 3186 1127 3239 A
1140 3184 1150 3256 11

136 3259 171 3308 10
190 3253 283 3326 dabis]
302 3255 374 3309 dede
388 3256 416 3308 A
434 3255 534 3310 dedeis
550 3253 576 3308 G
591 3256 595 3325 1
611 3255 775 3309 valitudinis
794 3256 822 3309 A
848 3257 858 3324 11
881 3261 913 3309 11
933 3255 963 3307 in
981 3255 1150 3310 deteteriora

135 3327 200 3394 (sic)
218 3329 365 3380 vertuntur
382 3327 410 3380 A
428 3327 463 3393 cf.
480 3327 552 3381 Obc'r.

208 3401 241 3450 13
260 3396 438 3466 praesepium
457 3399 485 3451 P
496 3400 505 3467 11
520 3402 553 3451 15
572 3399 601 3452 et
619 3415 670 3452 om.
685 3399 713 3451 P

208 3473 241 3522 16
260 3485 319 3536 cap.
330 3467 362 3521 X
374 3475 400 3523 et
413 3469 462 3522 XI
474 3469 679 3538 centumcentur
692 3471 724 3522 io
733 3470 761 3522 P
772 3469 782 3538 11
796 3474 828 3522 17
844 3467 868 3520 si
883 3467 932 3521 int.
944 3470 972 3522 P
985 3469 990 3538 1
1006 3467 1150 3537 intelligas

135 3540 164 3593 A
176 3541 187 3608 11
201 3543 234 3592 18
253 3555 274 3592 s.
293 3539 418 3593 inveniet
436 3541 464 3594 P
482 3542 491 3609 11
513 3544 545 3592 19
565 3541 615 3592 aut
632 3539 660 3593 h.
674 3539 705 3591 in
722 3539 869 3608 praesepio
884 3541 912 3592 P
923 3541 932 3608 11
947 3544 980 3592 20
1000 3537 1023 3592 si
1038 3554 1082 3607 ap.
1097 3540 1126 3593 P
1144 3537 1148 3610 1

135 3609 290 3664 abstinebit
308 3612 336 3664 P
347 3611 357 3679 11
371 3616 403 3663 21
424 3611 452 3663 et
469 3628 506 3664 m.
525 3609 755 3680 Ρ11οωθιι1111111
774 3611 802 3664 P
