2682 3920
495 246 635 302 uvnou.
655 247 681 300 11
700 252 741 313 15,
758 252 791 300 rc
1085 248 1148 311 113

131 417 264 476 cauterio
296 434 389 494 genae
421 434 497 490 quac
529 417 731 490 procreverint
767 415 937 490 inurantur,
973 421 1031 490 quo
1068 415 1148 474 facto

133 506 223 565 ducta
241 506 378 564 cicatrice
397 504 583 563 contrahitur
600 504 687 580 pellis
709 507 739 563 et
756 503 900 580 palpebra
918 503 1009 562 ultius
1033 504 1148 564 elevata

132 613 151 653 a
174 595 308 670 pupillae
332 611 419 652 cursu
441 593 571 668 pilorum
594 596 675 652 arcet
689 593 847 651 iniuriam.

366 799 403 863 X
408 799 462 863 VI.
485 799 536 864 De
557 800 728 881 suffomooc
751 799 916 864 oculorum.

106 951 119 989 s
200 928 328 988 Suffusio
343 929 420 988 sicut
437 928 600 1002 hominum,
618 930 663 986 ita
676 930 876 987 iumentorum
893 928 1019 1004 impedit
1032 929 1075 987 vi-
1107 939 1179 980 11116
1187 939 1254 980 sonu.

134 1037 211 1094 sum,
242 1021 325 1076 cuius
348 1019 408 1076 tria
436 1036 544 1094 genera
574 1017 611 1076 ab
641 1017 810 1077 auctoribus
840 1016 1022 1076 indicantur:
1052 1020 1148 1076 steno·

134 1107 269 1180 coriasis,
299 1106 521 1182 platyooriasis,
551 1107 767 1182 hypocoricsis3
797 1104 909 1164 Graece
930 1099 1031 1183 <enim
1060 1101 1148 1182 core>

48 1262 50 1265 ¹
133 1196 251 1272 pupilla
269 1195 447 1254 nominatur.
486 1194 699 1254 Stenocoriasis
713 1195 831 1269 dicitur,
850 1213 916 1252 cum
935 1195 1149 1272 constringitur

133 1285 214 1342 visus
237 1287 268 1342 et
290 1286 367 1343 vires
391 1285 512 1341 amittit.
554 1282 635 1352 Quae
658 1284 714 1341 hec
736 1285 852 1342 ratione
875 1283 1006 1341 curanda
1030 1284 1087 1358 est,
1114 1286 1182 1342 uta

94 1395 120 1433 ro
135 1373 255 1448 sanguis
278 1372 313 1430 de
336 1371 518 1447 temporibus
542 1371 706 1430 auferatur:
733 1371 864 1430 radicem
887 1389 1004 1446 quoque
1027 1372 1149 1430 feniculi

135 1463 166 1519 et
187 1459 309 1518 herbam
335 1460 532 1519 chelidoniam
554 1460 603 1518 vel
628 1463 728 1518 rutam
758 1460 902 1535 decoquas
930 1460 969 1517 ad
990 1462 1095 1518 tertias
1119 1463 1149 1518 et

135 1548 244 1607 cotidie
262 1567 296 1606 ex
319 1549 385 1624 ipsa
404 1568 483 1624 aqua
506 1551 649 1624 quantum
667 1567 773 1608 manus
797 1550 912 1624 petitur
930 1547 1027 1606 calida
1045 1549 1147 1606 oculus

135 1638 282 1696 foveatur.
328 1637 496 1714 Inungatur
525 1639 616 1695 etiem
646 1638 770 1712 collyrio
801 1637 1038 1712 opobalsamcto,
1069 1637 1148 1710 quod

135 1725 348 1786 suffusionibus
371 1726 509 1801 prodesse
529 1728 690 1786 consuevit.
735 1726 951 1801 Platycoriasis
971 1728 1070 1784 autem
1095 1727 1182 1796 ests

95 1837 120 1876 15
136 1834 202 1873 cum
226 1833 258 1873 se
280 1815 361 1873 ultra
380 1815 548 1872 naturalem
566 1814 686 1874 modum
705 1815 822 1889 pupilla
845 1813 985 1872 diffundit
1006 1817 1036 1872 et
1059 1815 1149 1890 eripit

135 1905 241 1978 visum,
260 1923 314 1962 nec
333 1903 431 1961 curari
449 1904 599 1963 ullatenus
617 1905 725 1980 potest
766 1903 846 1961 Nam
864 1903 941 1961 sicut
959 1905 1008 1960 ovi
1025 1903 1147 1962 vitellus

135 2010 205 2051 casu
229 1993 329 2066 aliquo
361 1991 513 2066 disruptus
536 1993 568 2050 in
595 1993 725 2066 priorem
754 1992 882 2050 formam
912 1993 990 2049 coire
1012 2010 1073 2049 non
1096 2009 1148 2066 po·

133 2083 205 2154 test,
235 2082 280 2138 ita
303 2080 394 2138 semel
422 2079 539 2154 pupilla
563 2080 671 2139 diffusa
698 2079 828 2154 recipere
856 2099 916 2138 non
938 2081 1038 2155 potest
1059 2097 1148 2137 usum

134 2167 262 2227 videndi
309 2165 393 2234 Quod
416 2167 516 2226 evenit
538 2186 683 2242 equorum
706 2168 815 2242 furore,
839 2168 911 2226 dum
933 2166 1182 2239 membranulal

94 2281 120 2319 πο
136 2275 211 2330 quae
235 2255 367 2314 continet
389 2256 498 2328 lumen,
522 2254 727 2331 indignatione
752 2256 858 2316 caloris
882 2256 1078 2330 dismmpitur
1099 2256 1148 2313 vel

135 2346 213 2402 certe
237 2342 405 2402 sollicitudo
435 2343 518 2420 longi
545 2343 659 2403 itineris
688 2343 726 2402 ad
755 2344 992 2422 indignationem
1014 2343 1148 2402 iumenta

206 2571 221 2617 s
242 2563 313 2618 can.
330 2561 355 2618 οἱ
369 2569 410 2618 cs.
485 2571 500 2618 c
520 2563 592 2618 cuir.
608 2581 631 2619 c.
648 2570 690 2632 ce,
705 2570 747 2618 cc.

199 2766 220 2813 ‘1
240 2776 313 2831 gena
328 2776 400 2828 quae
413 2759 584 2829 procreverit
598 2759 726 2812 inuratur
740 2761 768 2813 P
779 2763 788 2828 11
803 2765 818 2811 2
837 2759 991 2813 conteritur
1007 2760 1035 2813 A
1049 2760 1088 2812 cd.
1103 2775 1146 2826 pr.

135 2835 240 2902 (usurpo
259 2831 444 2954 opptrahitur)
470 2835 473 2898 1
499 2829 614 2884 alterius
633 2831 672 2884 ed.
684 2847 728 2899 pr.
744 2831 772 2884 A
793 2833 803 2899 11
826 2836 842 2882 3
861 2845 878 2883 a
896 2829 1023 2898 pupillae
1042 2830 1103 2882 visu
1122 2845 1146 2882 a.

134 2902 151 2955 i.
168 2903 196 2956 P
232 2902 281 2954 ui
306 2903 388 2956 acal
407 2945 411 2954 .

206 2919 230 3026 p
241 2919 282 3026 ila
296 2975 326 3026 et
340 2919 417 3042 Ρ1196
432 2971 465 3025 st.
478 2977 537 3024 -8
557 2971 717 3025 nominatur
730 2987 780 3026 om.
792 2971 839 3040 Ρ1
855 2978 869 3023 7
883 2969 1079 3039 plotocoriasis
1094 2971 1122 3023 A
1142 2970 1146 3042 1

134 3044 210 3097 enim
233 3059 296 3097 core
319 3045 370 3096 ias.
388 3043 468 3098 Geso.
488 3043 522 3110 cf,
544 3043 717 3112 compar,
733 3047 767 3096 17
802 3045 811 3111 11
843 3048 859 3095 8
877 3041 976 3111 papila
996 3041 1023 3094 A
1041 3040 1148 3110 papula

134 3116 173 3168 ed.
184 3131 229 3182 pr.
247 3118 251 3180 1
267 3114 440 3168 stercoriasis
456 3115 484 3168 A
502 3113 699 3167 stenecuriosis
716 3115 744 3167 P
759 3116 768 3182 11
787 3119 802 3166 9
822 3113 876 3166 est:
896 3113 921 3166 ei
939 3112 1013 3165 visus
1033 3111 1147 3182 caligat,

134 3185 250 3254 sanguis
269 3187 297 3239 P
308 3187 317 3252 11
332 3189 365 3237 10
383 3185 465 3238 radix
484 3203 509 3253 q.
525 3184 543 3238 f.
564 3186 594 3239 et
611 3183 750 3238 celidonie
773 3183 817 3238 vel
836 3183 906 3236 rude
924 3183 954 3236 in
973 3198 1047 3250 aqua
1066 3183 1147 3238 deco·

134 3258 254 3324 queatur
272 3255 310 3308 ad
326 3255 441 3309 tertiam
459 3258 487 3310 P
506 3259 516 3325 11
539 3261 572 3309 13
591 3256 710 3325 inunges
727 3255 767 3309 ed.
780 3272 823 3324 pr.
854 3257 858 3323 1
887 3253 1102 3323 ypobaleamato
1120 3255 1148 3308 A

135 3325 367 3395 oppobalsamato
386 3328 413 3380 P
430 3324 610 3394 opobalsamo
629 3326 668 3380 ed.
681 3343 724 3395 pr.
745 3324 927 3394 opobalsamo
946 3324 1018 3380 OEcir.
1033 3328 1042 3394 11
1057 3331 1090 3378 14
1108 3342 1147 3379 sc-

134 3398 267 3464 quebotwr
280 3398 352 3468 vulp.
368 3398 403 3451 11
417 3401 451 3451 15
463 3397 484 3468 5
498 3403 516 3451 4
535 3398 540 3467 1
559 3397 597 3465 pl.
613 3399 708 3452 autem
722 3398 777 3468 est]
792 3398 821 3451 et
835 3397 896 3450 AP
906 3396 916 3465 11
930 3401 963 3448 16
977 3414 1002 3449 v.
1018 3413 1040 3450 c.
1056 3394 1147 3448 nulla·

135 3472 216 3520 tenus
235 3485 262 3536 p.
278 3470 306 3522 P
326 3469 335 3536 11
359 3473 392 3521 17
412 3467 545 3522 disiectus
565 3469 593 3522 P
615 3471 618 3536 1
645 3468 744 3522 cohere
762 3469 790 3522 A
808 3467 899 3521 redire
918 3468 946 3521 P
970 3467 979 3535 11
1005 3471 1038 3520 18
1056 3465 1148 3520 visum

134 3554 188 3592 rec.
204 3555 230 3591 n.
246 3555 272 3606 p.
288 3540 316 3592 P
331 3540 341 3607 11
362 3544 395 3591 19
415 3537 520 3592 accidit
538 3540 566 3593 P
587 3541 592 3606 1
616 3539 647 3592 in
666 3555 688 3592 e.
708 3539 800 3592 furore
819 3539 847 3592 P
863 3537 964 3590 sudore
981 3537 1053 3607 vulp.
1073 3535 1148 3590 furia

137 3608 209 3662 cuir.
224 3611 281 3676 1120
300 3609 505 3678 indignationis
523 3608 615 3662 calore
634 3611 661 3663 P
678 3625 700 3662 c.
719 3608 855 3663 beneficio
876 3608 947 3662 Olor.

189 3706 311 3746 Vrcnrme
326 3706 360 3748 ed.
374 3707 540 3746 nommetzsch.
971 3700 987 3750 8
