2684 3926
499 230 639 284 MVLOM.
659 231 685 284 Π
706 235 845 285 rec-128
1115 231 1181 294 219

164 421 235 460 nam
257 401 355 475 eicies,
377 419 413 459 ex
432 419 511 476 equs
535 399 631 459 celidc
654 400 768 460 fovebis
791 401 909 459 octale
933 400 1181 460 medicamentum

164 493 311 566 impones:
330 491 408 548 croci
426 507 523 565 serup.
540 489 592 563 IV,
611 489 752 548 aluminis
771 490 863 548 coleti
880 508 976 564 scrop.
991 489 1006 546 Ι
1025 508 1060 548 ex
1079 488 1180 566 tepido

164 579 234 638 vino
256 579 394 637 infundes
418 581 448 636 et
471 580 514 638 sic
537 580 712 653 exasperata
736 578 864 637 sanabis.

353 787 451 851 CXX
457 787 531 850 VII.
556 785 606 851 De
628 788 707 850 tussi
730 807 767 850 cc
786 787 993 868 perfrictione.

137 940 148 978 e
231 918 276 976 Ex
293 917 486 994 perfrictione
506 935 625 992 quoque
643 917 779 974 nescitur
797 917 897 974 tussis.
940 914 1031 975 (iuius
1052 917 1111 974 ista

163 1009 234 1066 sunt
252 1009 351 1084 signa:
374 1024 441 1064 cum
459 1006 604 1078 tussierit,
628 1008 719 1080 caput
741 1004 879 1063 deorsum
897 1005 994 1064 mittit
1016 1023 1110 1080 usque

163 1097 202 1154 ad
234 1099 357 1169 terrem,
391 1097 420 1153 et
450 1113 519 1154 cum
553 1093 676 1168 biberit,
709 1113 787 1169 eque
820 1095 848 1152 ei
877 1113 931 1170 per
962 1113 1048 1152 neres
1079 1094 1180 1152 currit.

163 1185 258 1254 Quem
279 1185 336 1243 hec
357 1185 475 1244 ratione
498 1182 629 1242 curabis:
652 1183 822 1242 machinam
845 1185 891 1242 cri
912 1183 1033 1251 inseres,
1058 1202 1181 1243 menum

1143 908 1180 948 111
1187 911 1213 950 63
1221 909 1287 949 (leun.

1144 963 1164 1002 V
1172 965 1198 1004 62
1207 963 1274 1002 Scbn.

164 1275 285 1350 plenem
299 1273 412 1347 inicies
431 1273 560 1349 reperies
574 1271 606 1328 in
623 1275 709 1348 purte
728 1273 880 1348 superiore
899 1272 986 1348 quasi
1006 1273 1181 1345 vesiculam,

124 1383 149 1422 ro
165 1381 255 1438 quem
282 1362 432 1440 unguibus
460 1379 588 1438 rumpes.
634 1360 748 1419 Deinde
779 1365 840 1420 tres
870 1361 980 1437 pilulns
1008 1361 1082 1420 bene
1111 1381 1180 1420 con·

163 1455 234 1511 tusc
263 1451 393 1528 axungia
424 1450 616 1508 mollissimas
648 1450 739 1508 lucios
777 1469 887 1525 eosque
920 1450 952 1508 in
983 1450 1179 1509 subtilissimo

162 1542 308 1614 lomento,
339 1540 395 1599 hoc
431 1542 477 1598 est
508 1540 608 1598 ferina
640 1539 775 1614 labeosa,
809 1539 966 1599 convolves
999 1549 1031 1598 et
1060 1558 1114 1615 per
1147 1559 1179 1598 os

163 1631 287 1708 digeres.
325 1629 449 1688 Postero
468 1628 515 1686 die
535 1628 570 1686 de
589 1629 733 1687 venuculo
752 1631 783 1687 et
806 1628 868 1688 sele
886 1628 1007 1688 fiicebis
1028 1630 1058 1687 et
1075 1629 1181 1704 pestil-

163 1721 228 1777 lum
252 1738 318 1777 cum
342 1719 495 1794 speciebus
520 1717 624 1776 calidis
648 1720 678 1775 et
702 1717 770 1777 vino
793 1720 825 1774 in
847 1719 969 1792 petione
992 1717 1155 1793 praebebis.

123 1953 148 1992 u
392 1925 592 1990 CXXVIII.
616 1925 666 1990 De
689 1928 767 1991 tusci
790 1947 810 1989 0
834 1927 952 1992 colibus.

229 2057 332 2116 Tussis
361 2059 386 2115 si
415 2056 566 2114 atolibus
594 2057 699 2129 fuerit,
726 2057 773 2114 his
802 2057 974 2133 agnoscitur
1001 2057 1108 2134 signis:
1140 2047 1286 2144 ῌῙθξεξζῗ·

162 2145 238 2204 toles
257 2147 385 2203 iniuriae
403 2145 485 2221 pleni
504 2148 575 2203 sunt
594 2146 624 2202 et
645 2146 817 2219 tumebunt3
841 2144 912 2202 dum
932 2144 1017 2218 bibit,
1042 2163 1110 2202 con-

163 2234 247 2293 tinuo
270 2236 411 2311 rumiget.
454 2232 519 2291 Ova
546 2233 578 2290 in
607 2236 724 2291 acetum
753 2236 930 2291 acerrimum
958 2235 1072 2308 mittes,
1102 2251 1180 2292 reso·

235 2479 249 2525 1
270 2473 400 2527 extrahes
419 2477 464 2542 Pl
481 2474 581 2528 ecdem
600 2490 633 2526 ex
651 2475 691 2527 ed.
703 2491 748 2542 pr.
768 2476 797 2527 et
816 2491 891 2543 oque
909 2477 959 2543 ΡΙ
983 2489 1016 2528 00
1035 2475 1061 2528 L
1080 2474 1133 2527 hoc
1153 2476 1181 2529 A

163 2549 249 2612 atque
259 2547 292 2668 lP
307 2547 336 2598 et
354 2547 393 2598 ed.
405 2562 450 2613 pr.
465 2547 505 2614 ll2
525 2544 634 2598 enecari
648 2547 688 2598 ed.
699 2562 744 2613 pr.
761 2547 788 2599 A
804 2547 809 2615 Ι
825 2546 900 2599 croci
914 2563 985 2614 scrp.
1000 2546 1014 2598 I
1028 2561 1061 2599 ex
1079 2548 1099 2599 t.
1115 2546 1179 2599 vino

162 2619 207 2684 ΡΙ
224 2615 326 2670 cuntis
346 2618 371 2670 L

235 2693 373 2756 isquam
392 2689 418 2740 L
449 2691 459 2755 ΙΙ
492 2693 507 2741 8
527 2704 610 2756 quem
630 2689 655 2741 L
679 2705 733 2757 que
752 2690 780 2742 A
799 2704 885 2756 quem
908 2690 948 2742 ed.
964 2705 1009 2757 pr.
1033 2688 1108 2754 quod
1128 2687 1177 2758 Pl

161 2775 261 2812 munus
276 2777 301 2827 p.
317 2761 345 2814 A
358 2762 368 2829 ΙΙ
382 2765 397 2811 9
413 2759 527 2826 plenem
541 2761 568 2812 L
583 2762 587 2829 Ι
604 2759 759 2827 comperies
773 2761 812 2813 ed.
826 2777 869 2827 pr.
885 2759 1028 2828 cooperies
1042 2759 1073 2811 in
1085 2761 1180 2826 portes

162 2848 183 2883 s.
199 2832 337 2898 quantum
356 2829 492 2884 vesiculas
511 2845 582 2897 quas
601 2849 627 2884 u.
646 2832 782 2899 rumpunt
800 2832 828 2885 A
850 2833 853 2899 Ι
880 2849 917 2882 m.
936 2832 1027 2884 totum
1045 2829 1180 2895 inmittere,

161 2901 287 2955 iuvenies
310 2901 385 2954 enim
408 2901 529 2954 vesicam
549 2903 577 2954 P
612 2903 621 2970 ΙΙ
661 2908 692 2955 11
714 2902 850 2972 axungiae
871 2904 896 2955 L
916 2903 952 2956 de
970 2903 996 2956 b.
1015 2918 1037 2954 c.
1053 2918 1096 2954 ex.
1112 2901 1180 2954 mol-

162 2973 270 3026 lissime
284 2974 312 3026 P
326 2975 330 3041 Ι
346 2989 416 3041 ques
435 2974 475 3026 cd.
486 2990 531 3041 pr.
551 2988 625 3040 quse
639 2974 667 3026 A
685 2976 694 3042 ΙΙ
713 2980 746 3026 12
765 2973 912 3027 linimento
927 2975 955 3027 A
971 2976 974 3041 l
991 2972 1101 3026 farinae
1119 2971 1138 3024 f.
1155 2973 1180 3025 L

162 3044 191 3096 in
211 3043 396 3098 subtilissime
414 3043 509 3098 farine
522 3043 541 3097 f.
556 3043 667 3096 involve
686 3047 715 3099 et
733 3061 784 3112 per
802 3062 833 3098 os
852 3044 933 3098 dubis
953 3047 1048 3113 Ρ1113
1068 3046 1180 3112 postero

164 3115 210 3168 die
229 3118 258 3170 P
273 3117 338 3184 post
355 3115 451 3168 triduo
465 3116 492 3168 L
511 3115 613 3168 deinde
632 3116 827 3184 pertriduum
845 3117 884 3169 ecl.
896 3134 940 3184 pr.
957 3115 983 3169 d.
998 3117 1064 3184 post
1080 3117 1114 3168 tr.
1130 3117 1157 3169 A
1174 3115 1177 3186 l

163 3188 198 3240 de
217 3186 365 3240 abmaculo
385 3188 410 3240 L
430 3187 465 3240 de
488 3185 638 3240 vernaculo
657 3189 685 3240 P
701 3187 835 3241 veneculo
859 3188 899 3241 ecl.
912 3205 955 3256 pr.
971 3189 999 3242 A
1016 3203 1073 3240 uno
1095 3186 1181 3240 enine

162 3257 207 3311 vel
220 3257 336 3312 brutillo
354 3275 416 3312 mor
434 3274 449 3311 0
463 3260 504 3312 cd.
514 3275 556 3325 pr.
570 3258 634 3323 fort.
648 3259 780 3312 verbasco
797 3262 802 3327 Ι
817 3257 983 3327 perfrieebis
1002 3261 1031 3312 et
1050 3257 1180 3326 pastillos

162 3330 203 3383 ed.
213 3346 258 3397 pr.
269 3331 297 3384 A
310 3333 320 3398 u
334 3335 368 3382 14
382 3276 434 3382 cci.
446 3346 510 3382 cum
519 3347 544 3381 v.
555 3330 581 3382 L
598 3331 601 3396 Ι
618 3329 780 3398 potionibus
790 3331 830 3384 ed.
838 3347 882 3397 pr.
894 3333 920 3384 A
937 3332 941 3398 1
958 3329 1040 3382 dubis
1051 3331 1092 3383 ed.
1098 3347 1143 3398 pr.
1154 3330 1183 3384 P

235 3406 268 3453 15
279 3416 296 3454 0
306 3400 729 3469 spiritualibusPcctelibusA
747 3403 751 3470 Ι
766 3401 994 3455 15.16ct0lebue
1004 3402 1030 3455 L
1045 3404 1053 3470 ΙΙ
1069 3399 1180 3454 160011-

162 3471 216 3524 bus
234 3479 280 3526 010.
300 3473 340 3526 ed.
352 3489 397 3539 pr.
417 3488 451 3525 00
469 3470 580 3525 culibus
599 3473 626 3525 A
645 3488 663 3525 c
681 3471 739 3524 vitu
751 3472 814 3525 ibus
834 3475 862 3526 P
888 3476 897 3540 ΙΙ
929 3477 961 3524 17
981 3472 1033 3525 toli
1053 3473 1079 3526 L
1097 3471 1179 3525 folles

163 3545 208 3611 ΡΙ
224 3542 342 3596 bibunt.
356 3544 515 3597 ¹ruminent
533 3544 573 3597 ed.
586 3561 630 3610 pr.
646 3544 707 3597 AP
723 3549 731 3611 ll
751 3549 783 3596 18
803 3560 885 3597 ovum
902 3543 932 3596 in
946 3545 1026 3597 aceto
1045 3559 1070 3596 0.
1089 3544 1179 3596 mittis

162 3616 202 3668 ed.
214 3631 258 3681 pr.
274 3616 335 3668 AP
