2682 3920
502 207 642 264 MVLOM.
661 209 687 262 11
706 214 812 262 22-24
1097 209 1158 274 121

145 381 309 456 purgatum
326 377 434 436 vulnus
457 378 558 451 fuerit,
580 395 649 435 oum
666 377 754 436 melle
774 375 874 436 Attico
892 377 1039 455 inungite.
1086 374 1162 434 Sunt
1173 377 1213 434 16

147 471 178 526 61
200 467 261 526 alia
283 467 380 525 multa
403 465 536 542 collyria,
560 484 636 540 quae
661 467 732 541 qnia
755 464 878 524 eandem
900 466 962 525 vim
985 465 1161 540 easdemque

148 555 260 632 speeies
283 554 446 629 continent,
469 572 641 614 enumerare
664 553 845 631 superfluum
868 554 1013 614 duximus.

355 797 496 861 XXIII.
519 796 569 862 Dc
591 798 719 862 strumis
743 798 957 862 iumentorum.

104 941 134 986 's
214 926 393 1002 Plerumque
404 931 534 986 strumae
546 927 593 986 vel
603 926 754 1002 parotides
763 930 817 985 aut
826 927 968 1003 scrophae
977 927 1091 984 iumen·
1122 935 1267 977 11123801111.

147 1018 246 1074 torum
260 1017 367 1093 guttur
379 1016 526 1074 infestant
539 1018 569 1074 61
586 1015 717 1073 faucium
734 1019 849 1075 tumore
868 1015 1041 1091 produntur.
1082 1015 1162 1074 Nam

148 1104 285 1164 subrecto
314 1108 385 1164 sunt
412 1105 510 1179 capite
538 1106 569 1162 et
595 1107 742 1179 tanquam
772 1104 809 1163 ab
838 1105 1017 1182 stranguilie
1044 1105 1161 1179 praefo-

148 1197 261 1252 cantur.
302 1193 365 1252 Hos
387 1194 518 1268 primum
540 1193 681 1252 fomentis
704 1192 808 1252 calidis
836 1196 867 1253 et
890 1195 1103 1268 cataplasmate
1127 1212 1162 1252 ex

147 1282 260 1357 polline
282 1281 445 1340 hordeaceo
469 1285 499 1340 61
525 1283 624 1341 resina
651 1282 783 1340 coronali
811 1285 895 1342 coota
923 1283 1021 1340 curari
1044 1282 1179 1357 erpedit¹

107 1390 134 1428 1o
148 1373 187 1443 et,
211 1389 278 1428 cum
296 1370 431 1429 collectio
450 1370 541 1428 fuerit
559 1373 719 1444 maturate,
742 1371 883 1446 scalpello
905 1389 1011 1446 secare,
1034 1389 1090 1446 pus
1113 1371 1191 1429 vell

149 1458 296 1534 quidquid
314 1459 469 1517 collectum
487 1459 579 1518 fuerit
602 1461 746 1533 emittere,
765 1463 795 1518 et
813 1461 896 1518 aceto
916 1462 946 1518 61
964 1461 1025 1518 sale
1044 1462 1075 1518 et
1097 1460 1162 1517 oleo

148 1548 263 1606 infusos
294 1548 451 1606 lemniscos
483 1547 628 1621 subicere3
658 1549 762 1607 ceteris
798 1566 916 1623 quoque
948 1548 1051 1607 diebus
1080 1551 1161 1605 treu-

148 1636 260 1696 matioo
283 1639 313 1694 61
335 1636 559 1696 medicamentis
587 1638 666 1712 aptis
695 1637 830 1695 sollerter
852 1656 969 1711 curare,
997 1640 1032 1694 ut
1053 1637 1161 1696 vulnus

147 1728 264 1800 pateat,
292 1725 364 1783 dum
387 1727 515 1784 senetur.
557 1725 635 1784 Nam
664 1726 695 1783 in
724 1725 771 1783 his
800 1726 873 1784 locis
901 1745 936 1784 ex
959 1726 1162 1802 praeclusione

108 1814 208 1873 recito
227 1816 303 1874 solet
321 1813 422 1874 fistule
440 1813 513 1888 lieri,
537 1833 613 1889 quae
632 1815 657 1872 si
676 1816 816 1888 evenerit,
835 1816 870 1872 ut
890 1816 1024 1889 superius
1043 1813 1162 1872 demon-

148 1905 275 1962 stratum
298 1905 352 1977 est,
374 1920 490 1978 papyro
515 1906 545 1961 et
567 1902 692 1979 collyrio
714 1904 826 1978 poterit
847 1905 1009 1979 personari.

458 2142 591 2208 XXIV.
614 2144 664 2208 Dc
683 2144 853 2228 ploodolis.

216 2269 382 2330 Glandulae
406 2291 523 2348 quoque
547 2272 734 2350 animalibus,
758 2277 788 2333 et
809 2276 969 2350 praecipue
991 2274 1092 2350 pulIiS,
1122 2285 1268 2336 meissen.

148 2379 242 2435 usquc
266 2359 304 2418 ad
322 2361 487 2436 periculum
505 2361 655 2420 interdum
673 2362 815 2422 molestae
837 2366 906 2423 sunt
929 2366 959 2421 et
977 2363 1008 2420 in
1026 2362 1163 2421 morbum

220 2551 236 2600 ὁ
256 2545 329 2601 Ghir.
345 2564 367 2601 o.
383 2551 425 2600 87.
501 2553 533 2601 1c
553 2547 626 2602 cuir.
642 2565 664 2601 6.
680 2553 722 2603 88.
797 2555 830 2603 18
850 2547 923 2603 Chir.
939 2566 961 2603 6.
977 2555 1019 2604 89.

220 2730 235 2778 2
255 2725 369 2778 easdem
387 2742 427 2793 sp.
443 2725 570 2779 continet
588 2726 615 2779 A

218 2801 235 2848 4
253 2812 351 2850 rorare
364 2797 463 2864 incipit
476 2793 503 2848 L
516 2797 551 2864 os.
565 2814 593 2864 p.
608 2799 759 2866 4111811
777 2797 908 2865 parotide
920 2799 949 2852 ,L
963 2798 1096 2867 paraoide
1111 2799 1139 2852 A
1156 2799 1159 2869 1

148 2865 239 2920 sorufe
249 2867 276 2920 L
286 2866 397 2920 scofeA
407 2865 574 2936 scrophulas
584 2867 673 2936 66116.
687 2870 697 2936 11
712 2869 875 2922 6161661661
884 2869 1044 2938 producunt
1052 2871 1092 2923 ed.
1097 2887 1142 2937 pr.
1153 2870 1162 2940 11

149 2943 163 2990 7
179 2940 208 2991 et
217 2937 292 2991 subr.
303 2939 343 2992 ed.
351 2956 395 3008 pr.
406 2940 434 2992 A
451 2938 454 3009 1
472 2937 507 2992 ab
524 2936 693 3008 stranguilia
702 2938 762 2993 LA
772 2941 800 3008 (a
810 2941 878 3010 am)
890 2941 962 2994 Ohir.
974 2956 991 2992 a
1002 2939 1163 3010 stranguria

147 3010 176 3062 P
186 3009 227 3062 od.
237 3025 283 3078 pr.
303 3008 368 3080 (ab).
386 3012 390 3078 1
405 3009 599 3078 producuntur
612 3010 640 3065 A
653 3011 693 3080 118
711 3009 765 3064 hoo
782 3012 811 3064 P
832 3013 842 3080 11
863 3016 878 3064 9
897 3011 1007 3064 resinae
1021 3010 1049 3063 L
1064 3012 1068 3080 1
1085 3025 1162 3064 aoro-

147 3079 206 3132 nali
221 3079 248 3132 A
263 3095 317 3133 aer.
333 3083 414 3134 cocta
427 3096 477 3134 om.
493 3081 522 3134 P
537 3080 647 3134 resinae
661 3081 751 3134 unciis
765 3080 856 3134 tribus
871 3097 947 3136 mero
966 3080 1059 3134 valido
1075 3083 1161 3135 coctis

147 3151 187 3204 ed.
198 3167 243 3218 pr.
257 3152 268 3220 11
282 3155 316 3203 10
335 3152 364 3204 61
382 3169 408 3219 q.
423 3153 452 3206 A
471 3152 559 3205 secari
578 3168 647 3236 opus
662 3154 705 3206 est
723 3155 752 3206 et
770 3152 810 3206 eet.
822 3169 866 3220 pr.
881 3155 890 3221 11
905 3157 937 3206 11
958 3152 1055 3206 emitte
1070 3155 1096 3206 A
1112 3156 1117 3222 1
1134 3155 1163 3207 61

147 3236 189 3275 ao.
209 3223 238 3274 61
256 3221 291 3292 s]
311 3223 340 3274 et
357 3238 408 3276 om.
423 3219 450 3274 L
472 3225 482 3291 11
506 3228 538 3276 12
557 3222 651 3276 inluso
669 3222 841 3291 lemnisquos
858 3224 885 3277 L
898 3222 1006 3276 infusos
1025 3222 1163 3277 leuisoum

147 3293 175 3346 A
188 3294 198 3360 11
212 3297 254 3345 10.
269 3298 301 3346 11
318 3294 358 3348 cs'o
371 3294 403 3346 in
416 3295 456 3347 P:
472 3309 567 3348 secare
582 3297 611 3348 et
624 3293 761 3362 quioquid
775 3293 851 3348 intus
866 3295 910 3348 ert
924 3292 1034 3358 ducere,
1049 3295 1162 3349 demum

145 3363 241 3416 levare
260 3380 324 3416 eum
342 3363 404 3418 oleo
424 3366 453 3416 et
471 3363 538 3418 sale.
566 3368 577 3433 11
604 3371 637 3419 12
656 3365 757 3418 diebus
775 3382 825 3420 om.
842 3365 870 3418 A
896 3367 905 3434 11
938 3371 971 3418 13
989 3383 1026 3419 m.
1042 3365 1162 3420 sollicite

147 3432 259 3498 curabis
273 3436 302 3488 P
316 3437 319 3503 1
336 3435 361 3487 si
375 3453 398 3488 v.
413 3436 453 3488 ed.
465 3453 509 3504 pr.
524 3437 553 3490 A
566 3438 575 3504 11
589 3441 624 3488 14
637 3435 765 3505 patiatur
774 3437 801 3490 A
816 3438 825 3505 11
848 3441 881 3489 11
901 3452 986 3506 supra
999 3437 1040 3492 eet.
1053 3453 1096 3506 pr.
1111 3438 1140 3491 A
1153 3436 1162 3508 11

148 3509 181 3558 11
200 3521 264 3574 pap.
280 3508 374 3574 potest
392 3506 487 3559 sanari
505 3507 532 3560 A
547 3509 553 3587 1
570 3509 684 3560 sanetur
702 3508 731 3560 P

220 3579 252 3628 18
273 3575 404 3628 animalis
422 3577 449 3630 L
465 3581 469 3646 1
485 3575 570 3645 pollrs
588 3575 615 3630 L
628 3579 638 3646 11
653 3583 685 3630 19
705 3579 734 3630 61
752 3594 802 3632 om.
817 3576 844 3629 L
860 3580 864 3646 1
880 3578 977 3632 morbo
996 3578 1023 3630 L
