2682 3920
154 171 219 236 104
592 169 726 230 VEGETI

153 359 233 416 aqua
256 338 427 412 abstinebis,
449 358 486 397 ne
509 339 636 396 nimium
658 337 755 414 bibat3
778 337 814 396 de
837 340 965 413 utraque
987 339 1072 412 parte
1096 337 1167 396 colli

154 429 329 507 sanguinem
352 427 502 503 detrahes3
526 429 616 504 caput
638 427 716 487 sicut
738 428 882 503 scriptum
905 429 951 485 est
973 425 1098 485 curabis.

458 635 521 698 IX.
545 631 596 699 De
618 634 859 700 distentionibus,

75 777 209 818 mesam.
255 766 452 824 Distentionis
468 783 584 840 quoque
598 763 737 823 valetudo
752 763 791 822 ad
806 765 913 840 capitis
926 765 1084 840 praecipue
1099 783 1166 822 cau-

154 874 218 914 sam
240 855 375 914 refertur.
422 852 512 912 Cuius
537 853 610 912 baec
641 855 728 911 erunt
756 855 855 930 signa:
885 853 1065 930 impediente
1095 853 1166 911 cali·
1195 871 1208 913 5

154 945 224 1022 gine
246 943 452 1002 obscurabitur
478 945 573 1016 visus,
602 945 713 1001 tremor
740 943 770 1000 et
798 941 887 1001 sudor
915 943 1009 1000 totius
1035 941 1166 1018 corporis

121 1034 328 1109 2insequitur
371 1031 456 1100 Quod
487 1032 595 1092 vitium
625 1030 773 1108 contingit
805 1050 841 1089 ex
872 1050 963 1106 aqua,
1000 1032 1026 1089 si
1057 1031 1167 1090 sudans

154 1123 318 1180 iumentum
336 1121 454 1195 biberit,
476 1121 525 1180 vel
548 1140 582 1177 ex
601 1120 799 1196 indigestione
822 1119 890 1196 cibi,
913 1119 939 1178 si
956 1139 1016 1178 non
1039 1119 1168 1178 dormiat

154 1210 201 1268 vel
231 1209 406 1269 substrictus
435 1210 591 1284 manserit,
621 1209 689 1268 huic
719 1210 826 1286 capitis
855 1209 1028 1267 membrana
1057 1208 1166 1267 disten-

120 1299 243 1359 3ditnr.
289 1297 370 1367 Quae
399 1298 499 1375 passio
526 1300 691 1357 ceterarum
720 1296 926 1358 valetudinum
954 1299 985 1356 et
1012 1297 1078 1356 fons
1101 1317 1167 1374 pro·
1183 1317 1210 1358 so

154 1389 244 1448 batur
266 1390 296 1446 et
319 1390 427 1447 mater:
450 1389 510 1446 nisi
533 1388 611 1446 enim
630 1389 709 1446 inter
731 1387 820 1445 initia
841 1387 989 1446 curaveris
1012 1390 1111 1463 caput,
1134 1388 1168 1444 ut

155 1477 266 1536 animal
289 1476 419 1535 dormiat
441 1479 654 1551 competenter,
684 1475 760 1533 fiunt
782 1477 891 1552 apiosi,
914 1476 1026 1551 insani,
1048 1475 1168 1550 rabiosi,

154 1567 304 1641 fsenetici,
334 1565 471 1624 cardiaci.
512 1564 610 1642 Igitur
632 1584 699 1624 cum
722 1566 834 1623 animal
857 1564 1045 1624 distentionis
1073 1566 1168 1642 aegri-

154 1655 226 1713 tudo
257 1653 524 1730 comprehenderit,
559 1653 595 1711 de
624 1655 736 1712 cervice
767 1653 863 1711 eidem
892 1656 1066 1730 sanguinem
1095 1654 1167 1712 tolle

1323 385 1330 446 e

120 1747 208 1819 4pro
238 1741 444 1821 magnitudine
474 1743 606 1818 corporis
637 1744 667 1800 st
697 1743 812 1800 aetatis.
854 1741 895 1800 Et
921 1744 948 1802 si
977 1744 1074 1802 aestas
1102 1743 1168 1816 erit,
1182 1761 1209 1802 rs
1318 1779 1330 1796 -,

155 1832 219 1890 oleo
243 1833 274 1890 st
296 1833 379 1890 aceto
403 1833 495 1907 caput
521 1833 677 1905 totumque
705 1849 811 1906 corpus
838 1849 985 1908 perunges
1009 1834 1040 1889 et
1062 1831 1168 1889 diutis-

155 1923 227 1979 sime
251 1919 437 1994 confricabis,
459 1920 524 1978 loco
543 1921 718 1996 refrigerato
742 1922 772 1978 et
790 1937 883 1995 opaco
904 1920 1052 1979 inclusum
1075 1921 1168 1979 conti·

155 2009 247 2086 nobis,
271 2008 438 2068 substernas
462 2010 553 2067 etiam
576 2011 706 2068 stercora
729 2009 807 2068 sicca
829 2010 879 2067 vel
900 2009 1015 2084 paleas,
1043 2011 1078 2067 ut
1100 2027 1168 2085 pro-

156 2101 243 2158 vocet
256 2099 323 2175 ipsa
336 2099 478 2157 mollities
493 2098 531 2156 ad
546 2097 726 2172 cubandum,
740 2098 839 2157 locum
853 2097 983 2156 calidum
996 2097 1168 2171 declinabis,

155 2209 225 2247 nam
246 2187 373 2264 impedit
395 2207 538 2248 somnum.
584 2187 710 2246 Furfure
729 2189 759 2245 et
781 2187 876 2263 paleis
899 2187 947 2248 vel
969 2187 1051 2245 foliis
1073 2187 1167 2245 lactu·
1182 2207 1210 2246 ro

121 2280 257 2336 boarum
278 2276 400 2350 reficies,
423 2279 577 2352 praeterea
595 2279 700 2352 potum
722 2275 878 2352 praebebis
901 2278 1047 2354 exiguum.
1093 2273 1168 2334 (lum

156 2366 359 2426 convalescere
374 2367 513 2441 coeperit,
531 2365 656 2423 modicis
672 2364 922 2424 ambulationibus
937 2363 1097 2439 exercebis,
1116 2363 1168 2421 ubi

155 2454 294 2513 idoneum
316 2453 414 2514 visum
440 2454 533 2512 fuerit
560 2453 598 2512 ad
621 2453 733 2512 cibaria
760 2454 903 2530 largiora,
930 2453 1030 2512 infuso
1058 2452 1167 2510 hordeo

156 2544 194 2600 ad
212 2542 370 2619 pristinam
388 2541 630 2601 consuetudinem
648 2542 795 2618 paulatim
814 2561 867 2617 per
884 2544 1067 2601 incrementa
1084 2559 1168 2600 revo-

156 2631 279 2691 cabitur.
322 2632 355 2690 si
378 2630 425 2688 die
444 2631 570 2707 septimo
593 2649 652 2690 non
675 2631 842 2706 profecerit,
865 2631 1039 2708 sanguinem
1059 2631 1168 2689 iterum
1181 2649 1208 2690 es

155 2721 192 2780 de
215 2719 398 2796 temporibus
421 2721 538 2778 emittes
558 2721 588 2778 et
610 2721 701 2796 caput
718 2721 782 2778 sine
804 2721 1022 2778 intermissione
1041 2719 1166 2778 curabis.

195 2895 245 3012 2747
262 2887 335 2942 Chir.
352 2904 374 2942 c.
390 2893 441 2941 275
461 2887 599 2956 (Famax).
698 2894 729 2941 11
751 2887 824 2942 Chir.
840 2905 863 2942 c.
880 2893 939 2941 276.
1041 2894 1073 2942 19
1093 2887 1167 2943 Chir.

156 2976 178 3012 o.
248 3001 254 3013 .

227 3125 242 3172 3
262 3120 298 3174 de
317 3119 499 3173 distinctione
522 3119 624 3188 capitis
643 3121 671 3173 P
701 3121 709 3189 ΙΙ
738 3126 754 3173 4
777 3117 968 3172 distinctionis
986 3121 1015 3173 P
1031 3118 1167 3174 distensio

158 3191 230 3245 coir.
245 3191 254 3258 ΙΙ
269 3195 284 3242 7
299 3189 352 3244 hoc
361 3209 385 3244 v.
397 3191 475 3260 AP1
492 3190 576 3244 sudat
585 3191 602 3244 i.
614 3190 678 3244 etb.
690 3192 717 3244 P
728 3193 738 3260 ΙΙ
752 3195 767 3243 8
783 3190 807 3244 si
821 3206 876 3243 non
886 3221 921 3230 —-
932 3195 964 3243 12
978 3192 1168 3259 competenter

157 3279 206 3315 ora,
222 3263 249 3315 P
261 3263 270 3330 ΙΙ
284 3265 300 3313 9
318 3261 363 3316 vel
382 3261 407 3314 si
425 3278 446 3315 s.
461 3263 489 3316 A
505 3264 509 3327 Ι
525 3261 723 3315 distenduntur
737 3263 765 3315 A
781 3261 853 3316 cair.
868 3261 977 3330 (tend-l.
992 3262 1001 3329 ΙΙ
1016 3267 1050 3315 14
1068 3277 1167 3330 appre-

155 3331 287 3386 henderit
304 3335 349 3402 ΡΙ
366 3332 442 3386 tollis
461 3335 489 3386 P
500 3334 509 3401 ΙΙ
527 3333 567 3404 §5
581 3338 598 3387 4
612 3335 667 3386 et5
685 3348 735 3386 om.
752 3334 780 3386 P
800 3334 809 3401 ΙΙ
832 3337 865 3384 18
885 3331 1039 3386 substernis
1057 3333 1085 3386 A
1103 3331 1168 3386 sub·

157 3406 282 3457 sternens
300 3419 364 3457 osor.
384 3403 440 3456 -nis
457 3404 482 3457 G
504 3405 513 3473 ΙΙ
537 3409 571 3456 20
589 3420 653 3456 cum
670 3402 815 3471 impendet
833 3419 979 3473 sompnum
998 3404 1026 3457 A
1049 3404 1052 3471 Ι
1077 3403 1122 3457 vel
1139 3421 1166 3471 p.

156 3475 196 3528 ed.
207 3491 251 3542 pr.
271 3475 280 3542 ΙΙ
299 3477 332 3526 22
351 3473 491 3527 valescere
509 3475 537 3527 A
559 3476 568 3544 ΙΙ
591 3479 624 3526 23
643 3473 760 3526 idoneus
778 3474 854 3527 visus
873 3475 901 3527 A
916 3475 988 3529 (aar.
1014 3474 1018 3544 l
1043 3473 1168 3527 infusum

156 3545 292 3598 hordeum
311 3546 382 3614 culp.
397 3560 465 3598 corr.
483 3545 563 3599 Geso.
580 3544 653 3599 ooo.
667 3546 677 3612 ΙΙ
691 3549 724 3596 26
744 3545 851 3598 emittit
868 3546 896 3598 A
