2684 3926
162 421 364 496 strangmiam
392 422 564 496 patiuntur,
595 420 774 480 exercebunt
805 423 895 479 etiam
924 422 1116 496 purulentum
1146 426 1177 480 et

162 507 299 582 quotiens
318 510 454 568 volutata
469 511 590 583 fuerint,
604 528 664 568 non
681 510 876 568 revolvuntur
894 527 949 568 neo
963 529 993 568 se
1013 513 1174 569 excutiunt.

162 597 202 653 Et
225 598 251 654 si
273 615 374 656 recens
397 601 523 674 ruptura
546 599 651 671 fuerit,
677 600 851 676 sanguinem
878 601 974 676 magis
998 601 1177 658 exercebunt

162 704 252 760 quam
283 705 347 761 pus.
404 685 485 754 Quae
519 690 660 746 curantur
692 688 851 764 glutinosis
884 691 913 746 εὴ
944 687 1061 746 lenibus
1094 688 1175 748 cibis.

134 773 265 832 eTalem
302 777 393 834 etiam
429 777 581 852 accipiunt
617 777 856 851 frequentissime
892 779 1057 851 potionem:
1098 778 1209 836 turiei

160 865 286 922 masculi
308 884 373 924 unc.
395 865 418 938 Ι,
442 867 544 941 opium
568 884 632 924 unc.
652 865 676 939 Ι,
699 865 910 941 heliotropium
934 866 1012 941 quod
1035 867 1176 924 intubum

161 955 309 1030 agrestem
331 971 472 1013 vocamus
500 973 565 1012 unc.
584 954 608 1028 Ι,
631 957 716 1012 rutae
740 974 805 1013 unc.
825 954 849 1028 Ι,
878 974 953 1030 quae
984 957 1085 1014 omnia
1108 955 1175 1012 dili-

160 1044 264 1117 genter
286 1045 361 1101 trita
384 1061 451 1100 cum
479 1046 549 1101 vino
574 1045 691 1102 austero
724 1047 852 1118 quatuor
881 1062 1033 1102 mensuras
1057 1043 1175 1103 Atticas

160 1149 213 1205 per
236 1131 298 1188 dies
321 1132 456 1209 singulos
475 1133 559 1190 dabis
580 1133 616 1190 ad
641 1151 741 1205 cornu,
764 1132 857 1190 donec
879 1135 962 1191 intus
986 1152 1063 1208 quae
1085 1135 1176 1210 rupte

120 1239 145 1276 10
160 1221 230 1276 sunt
252 1221 446 1296 glutinentur.

495 1393 603 1458 CVII.
627 1393 677 1458 De
701 1395 837 1457 insacia.

227 1523 349 1581 Animal
362 1542 575 1598 nonnunquam
590 1522 709 1581 invadit
723 1524 850 1597 insanie,
867 1527 901 1581 ut
917 1525 1104 1598 praesepium
1135 1517 1282 1558 ffl4³0⁰m=

1137 1570 1192 1610 v42
1201 1571 1268 1610 Sohn.
1335 1593 1336 1598 =

160 1612 282 1686 frangat
294 1629 384 1686 seque
402 1632 503 1672 morsu
516 1613 639 1686 laceret3
653 1615 798 1688 impetum
817 1615 908 1670 etiem
926 1615 959 1670 in
972 1613 1105 1672 homines

159 1701 234 1758 facit
256 1702 291 1758 ut
313 1701 385 1776 fera,
409 1701 530 1761 auribus
553 1703 658 1775 micet,
682 1701 774 1760 oculis
798 1703 856 1760 erit
879 1704 1002 1761 attentis
1025 1705 1056 1759 et
1079 1702 1176 1778 splen·

120 1787 246 1862 iudidio,
270 1809 304 1847 ex
328 1809 378 1848 ore
401 1793 496 1868 egerit
519 1809 663 1867 spumam.
710 1789 805 1859 Quem
828 1793 927 1864 caute,
951 1809 987 1848 ne
1010 1791 1176 1850 medentem

159 1877 270 1952 laedat,
292 1879 511 1958 diligenterque
541 1882 746 1956 constringite.
794 1879 976 1957 Sanguinem
1004 1879 1040 1938 de
1064 1882 1176 1938 cervice

161 1967 249 2025 etde
273 1967 408 2028 cruribus
432 1971 460 2028 ei
490 1969 640 2028 detrahito
669 1988 846 2042 rursumque
874 1971 907 2026 in
929 1969 1059 2028 tenebris
1084 1971 1177 2027 conti-

160 2058 238 2128 nete,
262 2056 354 2114 donec
378 2060 503 2132 appetat
530 2059 637 2118 cibum.
680 2055 755 2114 Cum
782 2059 914 2133 coeperit
936 2057 974 2115 ad
997 2059 1209 2133 patientiam2

160 2147 303 2217 revocari,
326 2163 429 2203 sucum
453 2147 567 2204 cicutae
585 2166 679 2204 unum
703 2146 891 2204 acetabulum
915 2149 945 2204 et
967 2166 1062 2222 aquae
1086 2166 1176 2204 unam

122 2254 147 2291 eo
161 2233 311 2290 heminam
330 2233 474 2292 admisces
496 2239 525 2292 et
547 2255 601 2310 per
620 2253 651 2292 os
672 2234 816 2292 defundis.
859 2233 931 2293 Post
952 2239 1053 2293 rutam
1078 2239 1175 2295 conte-

235 2445 266 2491 12
285 2438 343 2492 Pel.
359 2455 383 2494 c.
397 2443 457 2491 404.

234 2639 246 2685 1
267 2634 413 2703 patientur
432 2636 527 2703 edpr.
545 2635 731 2704 {purulentus
751 2637 777 2690 A
797 2637 991 2704 prurulentum
1005 2638 1033 2690 P
1050 2635 1177 2705 polulen-
1209 2693 1211 2698 ,

160 2708 220 2758 tum
240 2706 267 2758 L
281 2722 348 2760 corr.
365 2705 405 2758 Ι)
418 2709 457 2774 ll
476 2706 573 2759 voluta·
589 2706 614 2758 L
631 2707 634 2778 l
650 2710 820 2760 renovantur
839 2709 867 2760 A
880 2709 919 2776 113
939 2709 968 2760 εὴ
987 2725 1037 2762 om.
1053 2708 1092 2762 cd.
1104 2725 1148 2776 pr.
1172 2707 1174 2763 l

161 2777 305 2830 excreabit
323 2777 362 2830 cd.
374 2795 418 2845 pr.
436 2779 496 2831 ΛΡ
516 2780 525 2846 ΙΙ
553 2783 569 2830 4
589 2780 618 2830 et
635 2795 688 2847 pus
708 2778 753 2847 ΡΙ
769 2777 912 2847 glirinosis
931 2780 976 2846 ΡΙ
992 2778 1101 2832 levibus
1121 2781 1148 2832 A
1167 2813 1169 2823 ι

161 2855 176 2901 6
196 2847 256 2916 opii
274 2849 313 2902 ed.
325 2865 370 2918 pr.
386 2850 413 2901 A
430 2850 433 2916 Ι
449 2847 613 2918 heliotropii
626 2865 689 2903 uno.
705 2850 779 2917 quod
799 2851 838 2903 ed,
850 2867 895 2918 pr.
914 2849 1024 2918 tropius
1043 2849 1175 2902 incubum

160 2937 184 2972 a¹
200 2937 224 2973 v¹
238 2937 301 2974 unc.
317 2921 344 2973 A
361 2923 364 2982 Ι
380 2919 452 2972 turis
468 2937 505 2972 m.
525 2920 623 2973 intube
642 2923 723 2974 rutae
742 2937 797 2973 ana
816 2920 906 2974 unul
925 2937 998 2990 quae
1016 2920 1088 2974 bene
1106 2921 1176 2973 trita

159 2992 187 3045 P
217 2993 226 3060 ΙΙ
258 2996 274 3044 8
294 2990 400 3044 austeri
414 2992 474 3044 LP
505 2993 509 3059 Ι
543 2991 680 3045 mensuris
704 2991 800 3045 atticis
814 2995 843 3046 P
860 2992 932 3047 Clu'r.
952 3008 1096 3045 mensuras
1116 2990 1176 3044 cdi-

161 3063 216 3115 ciee
236 3061 262 3114 L
281 3063 320 3116 cd.
334 3063 420 3130 puA
439 3061 515 3132 (ias)
536 3065 579 3131 [19
599 3064 628 3116 εὴ
641 3081 669 3132 p.
685 3063 711 3117 d.
727 3081 747 3116 s.
764 3061 845 3116 debis
864 3063 904 3116 ed.
915 3082 959 3132 pr.
976 3067 1003 3118 A
1022 3081 1048 3132 p.
1065 3063 1090 3114 d.
1107 3080 1126 3114 s.
1148 3066 1176 3115 et

161 3133 242 3186 dabis
261 3135 287 3187 L
304 3137 308 3202 Ι
325 3150 440 3186 cornum
459 3133 486 3187 L
502 3136 506 3202 Ι
523 3150 595 3202 quae
615 3135 690 3187 intus
709 3135 748 3188 ed.
760 3152 805 3203 pr.
821 3136 849 3187 P

232 3210 265 3258 12
285 3205 336 3258 sed
354 3221 378 3258 a.
393 3206 432 3259 ed.
445 3222 489 3272 pr.
506 3206 567 3260 AP
590 3208 593 3272 Ι
620 3205 737 3258 animali
755 3208 783 3258 A
808 3208 812 3274 Ι
837 3221 1039 3273 nonnunquam
1058 3221 1107 3258 cm.
1123 3206 1150 3257 P
1166 3206 1175 3275 l

161 3281 194 3328 13
214 3279 243 3328 et
261 3291 291 3328 se
309 3276 336 3330 A
355 3277 498 3343 seseq.·ed.
511 3293 554 3344 pr.
572 3278 576 3344 l
592 3277 714 3344 impetus
734 3278 773 3331 cd.
787 3294 829 3345 pr.
847 3279 873 3330 A
892 3279 901 3345 ll
921 3281 959 3328 14,
972 3275 1061 3330 faciat
1078 3277 1118 3330 ed.
1130 3293 1174 3344 pr.

160 3349 188 3400 P
206 3347 210 3416 Ι
230 3350 263 3399 ut
281 3347 300 3400 f.
315 3363 368 3402 om.
381 3347 421 3402 ed.
432 3365 477 3415 pr.
492 3349 520 3402 A
546 3351 549 3416 Ι
576 3348 630 3401 erit
648 3365 698 3402 om.
714 3349 754 3401 ed.
766 3365 810 3416 pr.
831 3347 906 3401 oculi
925 3351 1007 3401 erunt
1026 3347 1129 3401 attenti
1148 3349 1177 3399 et

161 3436 200 3486 sp.
216 3420 243 3471 A
257 3421 267 3486 ll
283 3423 314 3471 15
334 3422 363 3472 et
381 3435 415 3471 ex
434 3419 473 3471 ed.
485 3436 530 3486 pr.
545 3420 573 3473 A
590 3421 593 3487 Ι
611 3421 692 3473 caute
706 3420 881 3473 mordentem
900 3419 918 3472 l.
933 3421 960 3472 A
974 3421 984 3488 ΙΙ
999 3425 1031 3471 16
1051 3414 1078 3470 ei
1097 3418 1132 3472 de
1151 3435 1173 3472 c.

160 3491 199 3542 ed.
211 3507 256 3557 pr.
267 3490 294 3541 A
308 3491 317 3557 ΙΙ
332 3495 364 3541 17
384 3489 489 3542 trahite
504 3491 544 3543 ed.
551 3507 597 3558 pr.
612 3489 727 3559 sanguis
743 3533 749 3542 .
766 3533 771 3542 .
787 3490 982 3544 detrahiturA
999 3494 1004 3559 Ι
1021 3489 1173 3556 clausumq.

160 3561 216 3613 Pel.
234 3559 238 3630 Ι
254 3562 310 3612 ten.
326 3559 389 3613 loca
407 3562 459 3628 ΡΙ
479 3566 511 3613 19
532 3577 598 3614 suco
617 3578 650 3615 ec
668 3579 727 3614 -um
747 3561 773 3613 L
794 3563 797 3630 l
818 3577 874 3613 uno
894 3577 934 3614 ao.
954 3563 994 3615 ed.
1006 3578 1050 3628 pr.
1068 3561 1093 3616 G
1113 3577 1176 3613 cum

161 3648 201 3684 ac.
218 3634 244 3684 A
261 3633 265 3698 ι
282 3646 373 3697 aquae
392 3631 472 3684 urina
492 3632 564 3685 adm.
582 3635 608 3686 A
622 3635 630 3701 ll
646 3638 679 3685 20
699 3632 882 3687 eminentiam
901 3634 928 3684 P
