2682 3920
495 219 635 274 MVLOM.
655 221 682 274 Π
699 227 742 287 48,
757 227 791 274 49
1090 221 1154 286 143

135 391 217 448 tione
240 387 346 448 subtili
368 390 399 448 et
412 388 595 448 donecdone
612 389 781 467 sanguinisp
800 392 869 465 post
890 407 966 464 quaa
984 389 1061 448 lanis
1079 391 1152 450 cali·

136 477 265 536 dissimie
292 479 356 536 tam
382 495 450 536 cnm
478 481 561 536 aceto
584 497 674 553 quam
697 497 765 537 cnm
787 478 901 554 optimo
925 479 987 537 sale
1009 481 1099 538 timeo
1122 483 1153 538 at

137 566 201 624 oleo
230 566 278 624 vel
310 567 440 642 axungia
469 586 523 643 per
552 566 614 625 dies
637 566 666 622 V
696 567 875 642 conliganda
904 568 974 626 sunt
1002 567 1076 627 loca.
1119 567 1152 627 Si

135 654 249 712 tardius
279 653 352 713 haec
382 673 453 713 cura
482 656 656 730 profecerit,
685 653 828 714 utendum
860 657 905 714 est
934 655 1151 716 ferventissimo

109 766 121 806 s
136 743 274 818 caustico,
297 745 331 800 ut
350 744 443 801 faciat
460 746 600 804 ustiones.
637 743 708 802 Alia
727 763 844 819 quoque
863 745 980 802 ratione
999 748 1151 820 sanantur,
1167 748 1186 803 2

135 833 160 890 si
179 833 295 906 factam,
312 850 374 907 qua
385 833 530 891 tinctores
543 834 678 906 ntuntru,
694 835 727 891 et
745 833 838 892 salem
856 851 911 909 pro
925 831 1049 892 dimidia
1065 837 1151 907 parte

135 922 323 979 commisceas
348 920 508 996 lanamque
530 921 665 980 sucidam
690 941 724 980 ex
743 921 827 981 aceto
846 921 963 998 alliges,
986 925 1055 998 post
1072 921 1152 982 diem

134 1008 256 1068 tertiam
284 1009 443 1070 soluturus.
486 1008 520 1068 Si
548 1013 721 1086 aperturam
750 1011 866 1084 fecerit,
895 1011 1025 1068 farinam
1045 1009 1153 1069 horde-

135 1116 236 1156 aceam
259 1117 294 1156 ex
317 1099 405 1157 melle
427 1101 543 1157 coctam
568 1118 635 1158 cum
657 1099 714 1156 lini
740 1100 851 1158 semine
874 1102 904 1158 et
927 1101 1014 1158 faeno
1039 1097 1151 1160 Graeco

94 1185 258 1260 reinduam,
281 1185 320 1244 ad
337 1187 478 1245 ultimum
495 1187 647 1265 malagma
664 1187 790 1246 crudum
809 1189 952 1264 impones.
993 1187 1184 1247 Praeterea3

135 1277 335 1333 atramentum
358 1277 518 1350 sutorium,
541 1275 669 1354 gallulas
692 1279 824 1335 minutas
852 1278 883 1334 et
905 1276 1023 1335 alumen
1046 1279 1152 1352 aequis

133 1361 313 1439 ponderibus
335 1365 458 1422 tunsum
480 1382 547 1423 cum
571 1367 700 1442 arnume
722 1365 873 1440 miscebis,
904 1363 1006 1423 addito
1029 1366 1152 1441 pulsare

133 1452 207 1510 mali
236 1451 368 1528 granati,
397 1451 477 1510 nitro
508 1455 538 1511 et
567 1454 663 1528 aceto;
694 1472 770 1528 quae
791 1455 1005 1512 incommune
1029 1453 1151 1513 decocta

133 1542 250 1608 vitium,
270 1541 297 1600 si
315 1539 524 1618 adiungantur,
544 1543 710 1600 emendant.
747 1541 834 1602 licus
853 1543 947 1601 nicene
966 1561 1034 1600 cum
1051 1543 1150 1617 sinapi

94 1652 119 1693 ιι
133 1632 274 1687 contusae
297 1631 390 1688 mixto
414 1632 498 1689 aceto
516 1631 719 1706 imponuntur.
765 1630 839 1690 Post
861 1630 940 1688 diem
957 1631 1081 1689 tertium
1104 1648 1150 1689 so-

134 1719 199 1777 luto
222 1717 448 1792 medicamento,
471 1719 497 1777 si
518 1719 634 1778 tardius
656 1720 825 1796 profecerit,
848 1719 951 1778 eadem
973 1737 1045 1778 cura
1067 1739 1150 1778 renc-

134 1809 231 1865 vatur.
273 1805 350 1866 (lum
372 1807 478 1867 melius
498 1806 609 1867 habene
632 1810 775 1884 coeperit,
799 1809 913 1867 alutam
933 1809 1055 1883 impone
1078 1807 1149 1867 arti·

135 1895 217 1955 culis.
259 1895 323 1954 Alii
345 1914 548 1973 opopanacem
574 1916 642 1957 cum
669 1899 767 1956 farina
794 1897 957 1956 hordeacea
980 1899 1095 1956 coctum
1117 1899 1184 1955 inl

134 1983 255 2044 modum
278 1985 501 2060 cataplasmatis
520 1986 686 2062 imponunt.
732 1985 878 2045 Nonnulli
899 1985 1001 2044 fabam
1022 1987 1150 2044 fractam

93 2093 120 2133 ao
134 2071 165 2128 in
188 2090 267 2146 aqua
289 2072 458 2148 decoquunt
484 2077 515 2132 et
540 2076 635 2133 mixto
662 2075 749 2133 melle
776 2074 915 2134 deterunt
937 2077 968 2132 et
994 2075 1027 2131 in
1048 2093 1148 2149 panno

132 2158 306 2218 inducentes
338 2162 452 2220 curant.
505 2161 565 2221 Ad*
589 2163 729 2221 ultimum
760 2163 911 2240 malagma
947 2163 1149 2237 cupressinum

133 2249 298 2323 imponunt.
347 2247 450 2308 Plures
480 2251 591 2310 calcem
619 2253 719 2311 vivam
748 2255 779 2312 et
806 2251 916 2310 cineres
947 2267 982 2307 ex
1008 2250 1150 2309 melleet

133 2337 204 2396 vino
229 2337 420 2396 commiscent
444 2341 476 2396 et
500 2341 616 2398 cnaenis
635 2340 806 2415 frequenter
828 2340 1000 2415 imponunt;
1023 2339 1061 2397 ad
1079 2339 1148 2397 ulti-

61 2467 65 2473 .
132 2443 215 2484 mum
237 2425 368 2485 caustico
397 2427 533 2485 utuntur.
574 2425 655 2497 Quae
684 2447 795 2506 genera
824 2445 964 2488 curarum
993 2429 1023 2486 et
1050 2428 1182 2504 poete-5

93 2535 119 2575 se
133 2513 261 2572 rioribus
274 2512 399 2589 pedibus
413 2514 580 2574 adhibenda
598 2519 733 2576 veterum
751 2519 851 2576 censet
864 2517 1035 2576 auctoritas.
1070 2515 1148 2576 Usus

132 2603 249 2660 invenit
268 2601 370 2660 addito
390 2603 452 2662 sale
470 2607 501 2662 et
519 2606 603 2664 aceto
622 2605 728 2665 ciliciis
742 2623 866 2665 ozaenas
886 2605 1038 2679 defricare,
1056 2604 1148 2664 donec

205 2858 311 2914 BChir.
328 2877 350 2913 c.
364 2865 409 2927 48,
424 2865 484 2914 607.
564 2866 598 2914 10
616 2857 787 2915 Pellam.
868 2867 902 2915 14
920 2861 977 2915 Pel.
994 2877 1016 2915 c.
1032 2866 1092 2915 229.

134 2934 167 2983 18
185 2930 242 2986 Pel.
258 2947 281 2985 c.
296 2936 356 2984 230.
431 2937 463 2986 19
482 2930 539 2986 Pel.
555 2949 578 2986 c.
594 2936 653 2986 232.
727 2937 760 2987 26
779 2932 836 2987 Pel.
852 2950 875 2987 c.
891 2937 950 2986 269.

205 3165 219 3213 1
239 3177 311 3228 qnae
330 3178 380 3215 coa
395 3162 423 3214 P
437 3162 441 3232 l
456 3161 527 3216 lavis
545 3161 726 3216 validissimis
740 3163 780 3217 cd.
790 3179 836 3232 pr.
851 3161 924 3216 lanis
944 3160 1105 3216 clarissimis
1119 3164 1146 3215 A

131 3247 200 3285 corr.
211 3232 239 3284 P
249 3231 320 3287 Otia
334 3235 345 3302 ΙΙ
358 3237 374 3284 2
389 3231 441 3286 cal.
452 3236 532 3287 aceto
542 3232 650 3301 optimo
659 3251 681 3286 s.
691 3234 720 3288 P
731 3235 740 3301 ΙΙ
754 3239 823 3286 tar.
833 3231 935 3286 inlusis
947 3233 975 3285 P
986 3235 996 3302 ΙΙ
1008 3237 1025 3286 d
1039 3232 1147 3288 faciant

132 3301 236 3383 ΑΙΙῇἕ
249 3306 322 3356 2-5
336 3318 387 3356 ora.
403 3304 450 3372 ΡΙΙ
465 3308 480 3356 6
495 3303 595 3358 sletam
609 3305 680 3374 culp.
695 3304 847 3359 coracina
865 3307 870 3372 Ι
885 3303 1013 3358 uictores
1027 3304 1067 3358 cd.
1078 3321 1123 3374 pr.
1138 3307 1147 3374 ll

134 3377 167 3425 14
185 3372 285 3426 utinm
306 3375 449 3441 supponat
466 3375 599 3428 emendat
615 3377 643 3428 A
673 3375 677 3445 Ι
708 3374 880 3444 adiungatur
898 3375 1030 3429 emendat
1047 3375 1118 3446 vulg.
1138 3375 1147 3446 ll

133 3448 166 3496 15
186 3443 336 3498 contonaae
361 3461 397 3497 m.
416 3461 480 3498 cum
499 3460 523 3498 a.
539 3446 567 3500 A
598 3448 608 3515 ll
641 3450 672 3498 17
693 3444 820 3499 alliacem
845 3446 884 3500 ed.
900 3463 944 3514 pr.
967 3445 1100 3500 alleccem
1119 3446 1147 3499 A

132 3512 240 3567 alutam
260 3515 318 3568 Pel.
355 3517 364 3584 ll
401 3519 434 3569 18
453 3531 647 3583 opopanacnm
663 3557 668 3568 .
685 3557 690 3568 .
706 3518 815 3572 coctam
832 3517 860 3570 A
891 3519 901 3586 ΙΙ
933 3521 966 3570 23
985 3515 1074 3571 crinis
1092 3517 1119 3570 A
1137 3515 1146 3586 ll

133 3588 167 3636 25
187 3585 276 3637 cesset
292 3585 321 3638 A
334 3586 343 3653 ΙΙ
357 3591 391 3638 26
410 3584 482 3638 cibis
500 3585 596 3640 onimie
614 3587 643 3639 Δ
