2668 3920
172 190 261 244 XXVI
573 188 615 243 De
634 189 786 244 codicibus.

170 360 319 420 hoiensem
336 359 427 418 fuisse
446 376 537 434 supra
552 376 587 416 ex
605 356 780 418 lectionibus
795 358 1050 435 comprobavimus
1070 360 1101 418 et
1118 357 1186 417 inde

171 450 297 526 apparet
327 447 406 523 quod
440 447 596 506 enuntiata
626 466 644 505 a
671 446 764 505 PMV
793 448 902 506 omissa
935 446 1025 507 habet
1056 445 1187 524 integra:

173 543 201 612 1,
222 539 272 612 12,
293 539 321 595 2.
347 539 374 610 1,
395 537 446 610 16,
466 537 494 595 3.
535 535 635 613 Igitur
652 535 802 612 putandus
825 539 904 596 esset
921 535 1063 614 Vegetius
1082 537 1188 610 minor,

170 626 261 703 paulo
284 629 446 702 postquam
468 625 565 684 editus
589 626 646 698 cst,
673 627 778 684 auctus
802 643 877 685 esse:
900 625 932 684 id
955 626 1035 701 quod
1056 627 1122 685 veri
1144 626 1189 684 est

171 715 412 776 dissimillimum.
453 713 567 773 Deinde
590 716 691 789 partes
712 715 839 774 omissae
861 714 987 774 suntin
1009 713 1104 773 PMV
1127 732 1188 772 om-

171 805 242 863 nino
256 805 438 864 necessariae
453 821 527 880 quas
541 801 579 861 ab
593 803 659 879 ipso
669 801 795 879 Vegetio
810 805 936 879 scriptus
950 803 1038 863 debet
1055 803 1189 882 agnosci:

171 894 263 971 praef.
282 893 329 952 111
348 890 479 968 §6-7.
498 890 542 950 IV
557 891 650 968 praef.
666 889 685 966 ,8,
701 893 795 950 3-6.
841 892 966 951 Accedit
989 891 1079 952 uliud.
1121 891 1189 968 Ipse

172 982 315 1060 Vegetius
346 981 382 1042 de
411 980 544 1040 fontibus
575 979 635 1040 suis
665 980 819 1056 praedicat
847 982 941 1056 praef.
965 979 984 1058 ἓ
1010 982 1104 1039 2-3.
1155 978 1189 1038 Si

172 1066 348 1150 indagamus
366 1069 615 1147 quemadmodum
633 1069 776 1147 Vegetius
799 1069 891 1129 libros
913 1069 950 1129 ab
973 1071 1039 1146 ipso
1062 1087 1189 1130 comme·

171 1163 303 1219 moratos
326 1191 369 1200 -
394 1157 577 1219 Columellas
606 1158 751 1237 Pelagcni
781 1156 917 1218 Chironis
942 1190 986 1200 —
1011 1158 1188 1232 adhibuerit,

171 1249 306 1308 videmus
330 1248 434 1308 eodem
456 1246 544 1308 modo
563 1265 612 1306 eos
636 1249 668 1307 in
691 1265 778 1307 usum
800 1265 862 1308 esse
885 1251 1007 1308 vocatos
1030 1248 1063 1308 in
1080 1247 1190 1326 Vegeti

172 1339 303 1414 epitoma
326 1340 417 1413 atquc
440 1338 473 1395 in
496 1355 530 1396 eo
555 1355 643 1413 quem
665 1337 830 1413 pleniorem
852 1337 1079 1397 nominavimus.

237 1426 303 1486 Iam
338 1425 468 1485 breviter
499 1428 693 1486 retractemus
731 1444 806 1501 quae
844 1425 879 1486 dc
917 1425 1066 1486 codicibus
1101 1445 1189 1502 expo·

171 1534 292 1576 suimus.

239 1603 316 1664 Sunt
337 1603 432 1682 igitur
449 1603 526 1662 duae
550 1603 671 1664 classes:
695 1604 790 1663 altera
808 1603 915 1682 Vegeti
939 1604 1070 1683 genuini,
1093 1604 1189 1663 altera

172 1694 337 1770 epitomati.
379 1693 420 1751 Et
446 1692 534 1751 huius
566 1692 686 1767 quidem
712 1695 803 1752 testes
830 1691 972 1752 habemus
1001 1692 1063 1754 cod.
1082 1691 1189 1766 PMV3

171 1781 253 1842 illius
277 1781 391 1841 codices
414 1783 523 1840 iterum
550 1782 582 1840 iu
610 1781 683 1840 duos
712 1780 901 1840 distinximus
924 1781 1057 1842 ordines:
1084 1780 1135 1840 LS
1159 1783 1190 1841 et

171 1869 232 1929 AG
248 1863 388 1950 [FVen.].
429 1869 534 1930 Potest
551 1869 645 1948 igitur
668 1871 694 1929 si
716 1888 775 1928 uno
799 1869 906 1929 obtutu
925 1869 1058 1929 codicum
1081 1889 1189 1949 cogna-

171 1961 284 2019 tionem
307 1958 381 2019 velis
406 1957 571 2034 conspicati
593 1961 719 2018 stemma
741 1958 807 2019 fieri
828 1961 861 2017 in
884 1959 962 2018 hunc
985 1959 1119 2019 modum:

607 2128 743 2200 Vegetius

207 2215 1002 3374 sss&

160 3102 247 3160 Oorb
