2668 3920
175 201 200 256 X
576 202 617 256 De
636 203 787 257 codicibus.

173 372 309 449 stinguat
330 371 409 429 inter
431 370 575 430 vocabula
600 371 672 430 iste:
701 389 768 429 cnm
790 370 826 428 de
851 370 938 430 rebus
965 389 1026 429 una
1048 372 1187 430 tractatis

172 459 373 519 tractandisve
389 461 461 537 agit,
475 460 571 518 utitur
585 479 647 519 voc.
662 449 734 520 liber
748 451 794 540 (1,
805 462 834 533 9,
848 460 875 518 6.
892 463 921 533 1,
937 461 986 534 29,
1004 463 1031 518 1.
1047 462 1076 533 1,
1092 461 1142 533 64,
1159 461 1186 518 2.

174 551 203 622 3,
220 550 247 623 7,
263 541 307 628 3),
326 548 362 606 de
376 548 511 624 partibus
530 550 627 624 operis
640 549 783 618 uolumen,
802 551 837 607 nt
857 551 885 623 1,
901 543 986 624 64‚2
1006 551 1033 607 st
1051 548 1187 608 liber..

172 655 232 696 uou
250 638 369 712 offendit
386 637 529 711 cuddtuu,
551 640 710 711 sequenti
731 639 908 697 columine
923 684 929 694 .
945 682 952 695 .
961 638 1188 711 publicabimus.

239 726 338 804 Igitur
356 745 415 785 non
435 729 479 786 est
498 727 577 802 quod
595 726 738 786 librorum
756 725 867 786 formas
883 744 901 785 a
920 725 1097 786 Schneidero
1117 745 1188 786 enn-

172 815 284 875 cleatas
298 815 492 891 accipiamus:
507 833 699 891 quascunque
714 814 819 874 attulit
829 833 934 875 causae
950 817 1003 874 aut
1016 816 1104 874 nihili
1118 818 1188 874 sunt

173 907 226 963 aut
248 905 352 980 utique
376 907 515 963 anostra
538 905 686 964 sententia
709 907 799 964 stant.
840 904 965 964 Accedit
988 903 1068 981 quod
1091 905 1187 982 Vege-

172 993 232 1052 tius
256 993 414 1068 unicuique
433 993 509 1052 libro
527 993 718 1069 praemittere
741 995 817 1052 solet
834 993 1063 1069 praefationem3
1086 996 1188 1052 carent

173 1085 273 1141 autem
286 1083 472 1157 praefatione
491 1082 561 1140 libri
575 1073 691 1163 (Sohn.)
710 1081 741 1141 H
755 1085 785 1140 ct
799 1083 839 1141 V:
859 1085 885 1141 si
903 1084 1005 1141 autem
1023 1101 1090 1141 cum
1108 1083 1187 1142 codi-

173 1171 256 1229 cibus
288 1171 398 1229 librum
425 1170 455 1228 Π
478 1173 684 1248 coniungimue
719 1190 786 1230 oum
818 1171 895 1230 libro
927 1171 996 1229 Iet
1027 1171 1137 1229 librum
1159 1171 1188 1227 V

173 1279 240 1318 cum
267 1259 352 1318 1.ΙΠ
381 1262 585 1335 unusquisque
612 1279 697 1320 suam
730 1260 807 1319 liber
840 1259 931 1319 habet
962 1259 1186 1334 praefationem

173 1348 214 1406 Et
235 1349 308 1407 haec
332 1347 451 1424 quidem
474 1349 510 1408 de
533 1348 721 1408 editionibus.

239 1525 277 1585 H.
301 1526 384 1585 inter
398 1525 538 1585 codices
557 1545 627 1584 vero
646 1545 752 1604 agmen
770 1526 860 1586 ducat
878 1525 986 1586 codicis
1002 1524 1187 1586 corbeiensis

135 1617 251 1673 Lnunc
280 1614 427 1689 deperditi
457 1615 651 1693 apographon
680 1614 831 1675 Leidense.
881 1603 937 1674 nst
962 1616 1044 1700 xinter
1074 1615 1187 1674 codices

172 1702 332 1763 Vossianos
360 1705 412 1762 lat.
431 1704 482 1762 iol.
504 1706 553 1777 71,
582 1704 715 1763 continet
739 1706 778 1763 71
808 1703 895 1762 folia:
923 1705 1050 1779 scriptus
1078 1706 1123 1762 est
1150 1703 1187 1761 ab

175 1811 234 1850 uno
249 1792 384 1865 librari03
400 1793 513 1851 contuli
526 1793 648 1852 Bonnae
663 1812 689 1851 a.
706 1793 800 1854 1898.
838 1792 931 1861 Quem
950 1792 1080 1851 codicem
1094 1795 1188 1868 possi-

174 1881 264 1940 debat
281 1879 387 1940 Petrus
407 1880 570 1940 Scriverius
590 1880 695 1940 deinde
713 1882 798 1940 Isaac
816 1881 948 1954 Vossius,
972 1881 1024 1957 qui
1044 1882 1187 1940 nonnulla

5 1961 7 2034 i
123 1999 125 2008 ·
173 1969 204 2026 in
218 1969 353 2047 margine
368 1970 525 2029 adnotavit
543 1970 591 2030 vel
610 1972 744 2029 correxit.
785 1970 821 2027 In
839 1972 937 2045 prima
951 1969 1062 2048 pagina
1076 1969 1188 2045 scripta

172 2059 314 2135 leguntur
339 2059 425 2118 haec:
453 2059 628 2132 desmipttuu
655 2077 689 2118 eu
711 2061 909 2132 manuscripto
937 2059 1095 2132 ecemplcrt
1119 2058 1189 2119 Ocr-

173 2149 295 2207 bciensis
317 2150 487 2207 monasterti
511 2147 648 2207 Coloniae
670 2165 749 2207 cuno
772 2147 1011 2207 MDXXXVII
1029 2152 1098 2208 tuuc
1119 2152 1189 2208 teu·

167 2239 253 2310 ports
281 2237 362 2310 apud
383 2236 413 2296 S.
431 2238 620 2298 Pautatcuuie
643 2237 782 2311 deposito,
810 2237 914 2296 eadem
935 2237 968 2295 in
991 2237 1041 2295 fol.
1064 2239 1125 2295 71*
1147 2238 1189 2296 le-

174 2327 285 2404 guntur
304 2325 405 2385 addito
429 2326 476 2385 die
501 2329 521 2385 9
539 2327 668 2385 cambris.
710 2326 821 2384 Fuerat
842 2328 937 2404 igitur
955 2325 1045 2386 codex
1069 2345 1104 2385 ex
1125 2344 1188 2385 mc·

173 2415 303 2473 nasterio
334 2412 505 2474 Gorbeiensi
534 2413 689 2474 Coloniam
717 2417 870 2474 travectus
897 2414 998 2490 ibique
1027 2418 1189 2490 postquam

139 2535 141 2540 ,
174 2503 338 2579 descriptus
352 2506 397 2562 est
415 2503 513 2580 periit.
549 2503 591 2561 At
605 2503 798 2582 apographon
815 2506 880 2562 tam
898 2503 1057 2580 diiigenter
1070 2503 1189 2562 videtin

173 2592 300 2664 factum,
327 2594 363 2650 ut
385 2592 483 2667 ipsum
505 2593 656 2668 exemplar
680 2592 728 2652 vix
750 2591 962 2652 desideremus:
990 2612 1085 2669 neque
1109 2592 1188 2651 onim

173 2680 322 2754 librarius,
341 2681 476 2756 quisquis
495 2681 562 2755 fuit,
580 2683 633 2739 aut
647 2685 788 2758 corrupta
807 2681 976 2741 emendavit
995 2684 1048 2740 aut
1066 2683 1187 2741 lacunas

175 2770 325 2845 supplevit
332 2761 366 2850 1),
389 2769 440 2829 sed
459 2771 532 2828 satie
550 2771 688 2848 religiose
706 2771 779 2830 locis
798 2769 896 2829 dubiis
915 2771 963 2830 vel
981 2770 1098 2830 litteras
1116 2771 1188 2829 reti·

174 2857 277 2932 nebat,
314 2857 391 2918 unde
423 2858 494 2918 licet
527 2861 663 2936 cognosci
695 2859 826 2919 codicem
858 2857 1065 2941 Oorbeiensem
1096 2859 1187 2918 fuisse

174 2947 284 3006 litteris
308 2946 474 3006 uncialibus
503 2966 578 3024 quas
600 2951 710 3007 vocant
737 2951 905 3022 exaratum,
933 2947 1086 3007 vocabulis
1109 2949 1188 3006 inter

175 3054 279 3095 senon
293 3035 450 3096 distinctis.
490 3035 589 3096 Pauca
606 3038 727 3096 afferam
741 3037 847 3114 quibus
862 3037 989 3095 formam
1004 3034 1187 3095 Gorbeiensis

175 3124 284 3184 codicis
307 3125 380 3184 satis
403 3125 530 3184 describi
552 3127 639 3202 puto:

244 3218 272 3288 1,
293 3216 342 3288 17,
363 3214 381 3272 3
401 3215 550 3274 obrucuda
563 3215 660 3273 subter
668 3218 794 3288 paetum.
813 3216 1021 3273 mutuorum..
1035 3211 1068 3271 L.
1087 3213 1188 3290 legen·

175 3303 246 3361 dum
269 3302 343 3361 scii:
367 3319 392 3361 o.
414 3304 468 3362 sub
492 3308 578 3362 terra.
601 3321 673 3362 uum
696 3307 722 3361 et
742 3321 769 3360 o.

248 3509 273 3575 1)
292 3506 459 3561 Scriverium
477 3523 533 3561 non
551 3506 638 3560 fuisse
656 3506 814 3572 librarium,
834 3505 883 3560 sed
902 3505 987 3576 paulo
1005 3505 1188 3561 vetustiorem

173 3593 284 3631 mecum
303 3579 518 3632 communicavit
537 3578 562 3632 S.
578 3577 609 3631 G.
629 3576 665 3631 dc
682 3577 771 3632 Vries.
