2684 3926
511 257 650 312 MVLOM.
670 259 696 312 Il
713 263 756 324 88,
771 263 804 311 89
1099 257 1162 322 183

154 429 293 502 coeperit,
315 431 384 503 post
405 427 464 484 XII
487 427 548 486 dies
572 429 744 503 coopertum
768 427 914 485 exercebis
937 430 972 485 ut
994 427 1088 486 sudet.
1132 427 1163 485 Si
1180 431 1219 488 16

117 563 120 570 i
154 519 214 574 ista
242 535 301 574 non
330 517 492 590 valuerint,
521 515 615 574 uteris
644 517 780 591 superius
810 515 975 574 declaratis.
1026 516 1163 591 Plerique

155 608 326 664 asseverant
354 604 495 664 ficulneae
524 604 642 664 frondes
671 604 820 663 roborosis
854 606 989 680 oportere
1019 605 1164 680 praeben-l,

156 712 231 768 quae
253 694 432 752 naturaliter
454 694 561 768 calent,
583 693 735 770 potionem
756 711 873 768 quoque
891 713 944 768 per
967 711 999 751 os
1022 693 1164 752 dandam:

127 782 334 857 sopopanaois
365 801 431 841 unc.
450 782 489 856 II,
517 782 641 842 storacis
668 801 735 840 unc.
753 781 809 850 HI,
838 783 995 860 gentianae
1025 801 1089 841 uno.
1108 781 1163 856 IH,

154 888 279 930 mannae
314 873 393 930 croci
426 889 491 930 unc.
517 871 571 948 IH,
606 889 723 930 murrae
758 889 853 946 scrup.
878 871 902 945 I,
935 872 1047 946 piperis
1082 872 1165 948 longi

154 977 249 1034 sorup.
268 959 299 1018 H
321 978 390 1018 cum
411 959 480 1019 vino
503 959 597 1018 vetari
615 959 715 1034 tepido
739 962 829 1035 atque
853 959 891 1018 ad
910 977 1001 1017 cornu
1024 957 1163 1037 digerere.

153 1047 219 1107 Hac
242 1050 332 1107 etiam
354 1050 495 1108 unctione
518 1049 557 1107 ad
587 1048 749 1107 curandum
770 1047 861 1107 robur
887 1049 935 1106 vel
958 1047 1164 1124 expellendum
1181 1053 1220 1109 17

40 1187 44 1194 .
153 1138 249 1215 frigus
268 1139 407 1195 utimtur:
431 1156 515 1197 cerae
533 1138 583 1196 lib.
600 1138 624 1213 I,
642 1137 757 1196 resinae
775 1137 976 1196 terebentinae
994 1155 1061 1197 unc.
1080 1137 1164 1211 VIII,

113 1246 140 1284 ιο
155 1228 335 1301 opopanacis
365 1245 433 1285 unc.
458 1226 502 1299 H,
532 1225 678 1285 medullae
709 1227 844 1284 cervinae
876 1245 940 1284 unc.
964 1225 1008 1299 H,
1041 1226 1164 1285 storacis

154 1333 219 1372 unc.
238 1313 290 1388 IV,
309 1314 450 1373 bacarum
472 1315 549 1372 lauri
573 1314 663 1389 sclib,
687 1316 745 1374 olei
768 1315 838 1372 irini
856 1318 945 1389 prout
968 1333 1040 1390 opus
1059 1315 1164 1374 fuerit:

155 1419 231 1475 quae
255 1404 354 1461 omnia
376 1404 408 1460 in
430 1423 522 1460 unum
549 1403 665 1462 adiecta
692 1406 731 1461 in·
747 1422 826 1478 aqua
850 1402 1019 1478 decoquunt
1046 1407 1075 1463 et
1097 1423 1164 1479 par-

153 1490 294 1550 fricautes
317 1491 474 1570 inungunt.

417 1681 621 1747 LXXXIX.
644 1681 694 1747 Dc
716 1683 899 1765 hydropicis.

113 1829 138 1869 15
218 1809 358 1888 Hydrops
386 1832 445 1872 non
474 1812 568 1872 levius
592 1812 734 1870 animalia
759 1830 849 1889 quam
875 1812 1008 1872 homines
1036 1814 1093 1870 fre·
1125 1805 1270 1900 ῌξξζξιξξ·

153 1902 277 1974 quanter
295 1901 425 1963 infestat.
466 1901 617 1960 Vitalibus
636 1920 764 1976 namque
782 1900 907 1975 vitiatis,
926 1920 994 1959 oum
1013 1901 1093 1979 dige-

153 1988 210 2046 stio
233 1988 366 2048 ciborum
387 1991 477 2065 plena
499 2008 559 2049 non
579 1989 725 2065 provenit,
748 1991 854 2048 humor
876 1991 981 2049 noxius
1003 1992 1165 2065 perniciem

153 2079 285 2150 corporis
303 2080 507 2154 tumoremque
526 2079 680 2137 consuevit
694 2078 810 2137 inferre.
847 2076 944 2146 Quam
961 2077 1162 2137 valetudinem

153 2164 225 2221 haec
248 2165 334 2242 signa
357 2167 573 2226 demonstrant:
601 2170 703 2244 turget
725 2169 840 2240 venter,
871 2170 901 2225 et
924 2185 1010 2225 crura
1032 2167 1196 2226 testiculi2

111 2273 139 2310 ao
153 2253 291 2327 scapulae
309 2255 403 2313 lumbi
421 2256 517 2314 latera
540 2258 569 2314 et
591 2257 693 2332 tergus
710 2255 854 2314 inflantur
871 2273 965 2330 usqua
985 2273 1028 2329 eo,
1051 2258 1086 2314 ut
1108 2275 1161 2314 nec

152 2339 184 2398 in
214 2342 311 2417 capite
344 2343 406 2402 aius
439 2347 602 2420 appareant
630 2362 731 2402 venae.
786 2343 842 2402 (lui
874 2363 941 2402 cum
973 2344 1027 2403 sub
1057 2345 1162 2422 lingua

152 2429 296 2507 tetigeris,
319 2431 486 2491 subtusaiet.
531 2432 619 2490 Hunc
642 2432 892 2491 ambulationibus
915 2433 1053 2492 brevibus
1077 2453 1161 2508 opar-

152 2521 217 2576 tum
240 2521 427 2597 gravioribus
454 2524 547 2600 sagis,
574 2521 666 2581 donee
693 2522 791 2595 sudet,
818 2521 963 2580 exercebis
991 2523 1023 2580 iu
1046 2521 1108 2581 sole
1131 2525 1162 2581 ct

152 2605 311 2667 adversum
332 2609 410 2684 pilos
433 2630 486 2685 per
512 2613 610 2669 totum
633 2629 739 2686 corpus
762 2610 951 2686 postmodum
976 2611 1195 2685 confricabis,3

223 2761 428 2815 wesema.
494 2761 699 2816 spelenco.
769 2761 861 2815 8Pel.
877 2778 900 2816 o.
915 2767 976 2816 291.
1041 2768 1073 2815 19
1089 2760 1162 2815 Chir.

151 2837 249 2885 e.400.
323 2838 357 2886 24
377 2831 450 2885 Chii.
466 2830 487 2885 t.
504 2837 563 2886 401.

153 2935 365 2942 ...-....—---.—.

223 2997 239 3044 2
257 2992 315 3045 urie
329 2993 362 3045 ut
376 3009 396 3045 e.
412 2993 456 3046 eet
470 2991 651 3046 declaratum.
674 2992 832 3060 Plerumqu.
847 2995 875 3047 A
888 2996 898 3063 t
912 2997 927 3045 6
943 2992 1051 3046 auocari
1065 2993 1105 3046 ed.
1117 3009 1160 3060 pr.

151 3063 179 3114 A
198 3062 271 3116 croci
290 3064 344 3117 Pel.
359 3065 399 3132 118
418 3078 452 3116 ac
470 3064 499 3116 et
517 3063 656 3117 avietione
674 3064 702 3116 A
719 3065 729 3133 ΙΙ
749 3069 782 3116 10
800 3063 872 3117 med.
888 3079 958 3118 cerv.
973 3079 1035 3116 unc.
1050 3063 1076 3114 H
1095 3065 1160 3116 ator.

151 3149 213 3186 une.
228 3133 267 3186 IV
281 3151 330 3188 oen.
345 3136 373 3187 A
387 3136 396 3204 ΙΙ
411 3140 442 3187 11
463 3133 518 3188 olei
532 3134 592 3203 pini
606 3134 646 3188 ed.
657 3151 701 3203 pr.
716 3135 743 3186 A
758 3151 782 3188 o.
797 3134 872 3202 yrini
883 3137 911 3188 P
924 3150 947 3188 o.
963 3134 1067 3188 laurini
1081 3135 1137 3188 Pel.
1153 3136 1162 3204 l}

153 3209 185 3256 12
204 3205 234 3257 in
252 3221 339 3258 unum
357 3222 407 3259 om.
422 3207 449 3258 A
466 3208 470 3274 Ι
487 3205 586 3259 addita
604 3221 660 3274 qua
679 3207 804 3273 coquunt
822 3206 850 3259 P
864 3210 867 3273 Ι
883 3222 910 3273 p.
929 3207 1048 3258 utuntur
1065 3207 1094 3259 P

224 3280 256 3328 15
275 3292 331 3330 non
349 3275 449 3330 melius
463 3277 492 3329 A
508 3279 511 3346 Ι
528 3276 593 3346 hyd.
609 3278 638 3330 et
656 3292 700 3331 an.
715 3277 744 3329 at
757 3274 831 3330 hom.
846 3277 875 3330 P
885 3279 894 3345 t
910 3282 942 3330 16
961 3276 991 3329 in
1009 3276 1115 3330 talibus
1134 3295 1160 3330 n.

150 3345 227 3399 vitiis
238 3347 276 3400 od.
286 3363 328 3415 pr.
339 3349 367 3401 A
380 3349 389 3416 ΙΙ
405 3352 437 3399 17
451 3347 604 3415 perniciem
615 3379 648 3388 -
660 3353 693 3401 18
704 3347 847 3401 consuevit
857 3364 906 3402 om.
918 3350 945 3402 A
959 3349 968 3417 ll
983 3353 1015 3400 19
1025 3348 1162 3418 augescit

150 3417 179 3470 P
206 3420 210 3486 l
239 3418 315 3489 teet]
336 3434 399 3470 cum
417 3417 537 3487 pedibus
555 3420 584 3473 P
608 3421 618 3488 ΙΙ
648 3424 682 3472 20
700 3418 790 3471 lumbi
809 3435 858 3472 orn.
873 3420 912 3473 ed.
924 3436 968 3487 pr.
983 3419 1062 3474 babet
1079 3420 1161 3472 attam

152 3487 224 3542 cair.
242 3491 246 3558 Ι
262 3490 373 3558 tergum
391 3489 418 3542 A
434 3490 438 3560 1
454 3489 588 3544 inflantur
605 3506 656 3545 om.
671 3491 716 3558 ΡΙ
738 3489 808 3542 adeo
828 3490 855 3543 A
877 3492 886 3560 fl
909 3496 941 3542 21
963 3489 1023 3543 eius
1041 3507 1091 3545 om.
1106 3492 1134 3544 A
1155 3490 1159 3560 Ι

149 3557 278 3628 lingnam
295 3560 335 3612 ed.
346 3577 390 3628 pr.
405 3562 414 3628 ΙΙ
429 3566 462 3613 22
481 3560 583 3615 tussiat
600 3563 628 3615 P
639 3563 648 3631 ΙΙ
662 3567 695 3614 23
715 3577 755 3630 gr.
770 3559 859 3614 donec
878 3561 996 3615 desudet
1014 3560 1090 3630 sagis
1109 3563 1137 3614 P
1152 3561 1163 3632 t

151 3634 185 3681 24
204 3629 431 3698 adversum-p.
448 3635 507 3699 184,
523 3636 538 3684 9
557 3631 713 3702 perimatur
730 3649 780 3687 om.
796 3633 824 3685 P
