2668 3920
185 223 230 288 40
625 221 760 276 VEGETI

188 409 264 467 quac
288 391 442 451 humorem
472 392 622 450 funestum
650 393 788 468 egerunt,
817 390 1000 469 digerendus.
1042 389 1123 459 Quae
1150 408 1201 448 cu-

186 483 266 539 ratio
298 482 328 539 et
358 479 548 557 pulmonibus
580 479 788 540 salubritatem
820 483 851 538 et
881 479 1003 539 naribus
1036 479 1201 539 siccitatem

187 571 341 646 praestare
363 568 564 628 confirmatur.

366 775 503 841 XVIII.
527 773 619 841 Pob'o
642 776 863 841 consensoria
879 775 1021 858 physica.

255 907 313 966 Pro
341 907 464 984 physico
495 908 595 966 autem
625 908 655 965 ct
684 907 888 984 anniversario
917 905 1047 964 remedio
1076 901 1202 965 tradidit
1231 923 1246 963 s

188 997 322 1072 ulpicum
340 995 414 1054 bene
432 996 547 1069 tritum,
569 997 617 1054 vel
635 995 728 1054 alium
746 997 843 1054 maius
865 994 946 1070 quod
969 994 1091 1070 quidam
1109 992 1203 1052 Galli·

190 1104 258 1144 cum
294 1088 403 1145 vocant
439 1085 572 1160 capitula
610 1085 742 1162 singula,
783 1103 850 1143 oum
883 1083 1009 1160 singulis
1046 1085 1203 1142 semunciis

190 1175 333 1251 sagapcni
351 1175 382 1234 ct
399 1173 524 1251 singulis
544 1173 660 1249 cyathis
679 1173 737 1232 olei
760 1173 866 1249 optimi
885 1173 1111 1251 diligentissime
1129 1173 1203 1230 trita

190 1263 317 1341 singulis
347 1279 442 1338 aquae
470 1263 597 1322 heminis
627 1264 763 1339 operiere
790 1263 908 1322 misceri
936 1265 966 1321 ct
986 1261 1121 1320 heminas
1144 1262 1204 1320 sin-

192 1353 278 1430 gulas
307 1371 361 1429 per
390 1354 481 1428 caput
510 1350 685 1410 animalium
717 1351 783 1410 dari
804 1350 880 1409 VIII
904 1350 971 1409 Kal.
989 1348 1056 1425 Iul,
1077 1351 1133 1408 hoc
1160 1351 1205 1410 est
1220 1369 1248 1408 ιο

161 1457 162 1462 ’
190 1441 278 1500 initio
307 1441 522 1500 canicularium
551 1441 679 1515 dierum,
701 1439 762 1498 VII
785 1442 815 1500 et
836 1439 893 1498 VI:
923 1458 982 1514 quo
1009 1440 1089 1498 facto
1111 1441 1205 1498 ternis
1317 1459 1318 1514 Ι

190 1529 363 1607 potionibus
386 1532 539 1607 stagnata,
562 1532 597 1587 ut
620 1530 772 1603 dicuntur,
802 1529 945 1588 animalis
968 1530 1135 1588 armentius
1157 1528 1205 1587 vel
1317 1553 1318 1562 ι

161 1635 162 1640 ’
191 1618 306 1678 domita
328 1620 445 1696 integro
468 1637 546 1678 anno
569 1637 588 1676 a
610 1618 713 1678 morbo
736 1619 851 1676 intacta
873 1619 994 1676 servari.

194 1824 294 1889 ΧΙΧ.
316 1824 501 1908 Oorupocitio
520 1827 766 1909 suffimcatorum
780 1830 887 1890 macra
905 1826 1044 1890 morbum
1063 1825 1205 1889 moinum.
1317 1823 1318 1838 ¹

259 1954 410 2014 Adversus
428 1955 565 2014 morbum
582 1955 721 2028 maleum,
744 1956 827 2014 cuius
846 1955 980 2014 diversae
999 1957 1068 2014 sunt
1086 1954 1248 2031 speciosis

193 2062 270 2120 quae
288 2044 321 2102 in
339 2043 537 2118 unctionibus,
561 2063 637 2119 quae
655 2046 688 2101 in
705 2043 886 2118 potionibus,
908 2046 972 2102 tam
991 2063 1047 2120 per
1064 2061 1096 2102 os
1115 2062 1206 2118 quam

193 2152 247 2209 per
273 2151 359 2195 nares
389 2131 557 2211 digerendis
585 2132 634 2192 vel
661 2132 799 2208 clystere,
829 2152 906 2210 quae
932 2134 964 2190 in
993 2132 1132 2192 cauteriis
1158 2132 1207 2192 vel

265 2290 281 2339 b
301 2283 374 2338 Chir.
390 2302 412 2339 c.
428 2289 480 2338 204
499 2283 533 2337 cf.
550 2301 572 2338 c.
589 2289 648 2337 199.

266 2432 280 2479 1
301 2425 369 2496 dcg-
383 2425 409 2478 L
424 2424 512 2495 dirig-
526 2424 557 2479 F
567 2425 684 2478 infunde
699 2427 728 2480 P
741 2427 745 2496 Ι
762 2430 831 2479 1-3
844 2426 885 2481 sic
898 2424 932 2479 L.
957 2442 1042 2495 quam
1056 2429 1207 2496 (quamque

195 2498 232 2566 A)
246 2497 419 2550 curationem
434 2499 463 2550 et
475 2496 602 2566 pulmoni
617 2495 789 2550 sanitatem.
806 2539 811 2548 .
828 2539 833 2550 .
851 2540 856 2550 .
872 2496 1017 2550 coufirmat
1031 2497 1096 2551 AF
1105 2497 1145 2550 cd.
1161 2513 1206 2566 pr.

194 2584 252 2636 qua
271 2568 447 2621 curatione..
460 2567 632 2636 ..praestari
651 2585 674 2620 c.
689 2569 758 2623 PM
771 2568 831 2636 (qui
848 2567 1054 2637 salubritatem)

266 2696 309 2745 45
324 2690 417 2746 feseca
431 2690 458 2744 L
471 2693 511 2760 Ιὸ
529 2691 654 2744 remedia
672 2691 737 2746 AF
748 2692 753 2761 Ι
768 2638 889 2745 siderum
902 2693 930 2746 A
943 2694 982 2762 Ιθ
1000 2691 1080 2762 ulpc:
1100 2708 1163 2745 cum
1182 2692 1208 2745 L

194 2761 360 2816 umbilicum
370 2765 398 2817 P
411 2765 417 2832 Ι
431 2779 459 2815 u.
468 2761 593 2844 beticum
607 2763 647 2816 cd.
656 2781 706 2844 pr.¹
717 2767 721 2830 Ι
731 2762 815 2845 ‘aliud
826 2763 852 2816 L
866 2765 875 2846 Ι
889 2769 904 2815 7
920 2763 1021 2832 capula
1036 2765 1064 2818 P
1075 2763 1208 2833 capitella
1317 2837 1318 2840 Ἰ

195 2833 259 2888 AF
275 2835 314 2888 ed.
326 2849 370 2902 pr.
392 2835 401 2902 Ι
420 2839 552 2916 §sepem
571 2832 598 2885 L
616 2849 740 2902 serapim
758 2836 786 2890 P
812 2837 817 2904 Ι
846 2834 997 2904 drhgcnter
1015 2834 1079 2889 AF
1089 2837 1129 2890 cd.
1140 2852 1184 2903 pr.
1198 2835 1209 2918 ΙΙ
1317 2911 1318 2920 ¹

196 2922 331 3012 eblus
351 2957 377 3009 u
396 2922 501 3024 emtus
514 2959 542 3012 A
555 2960 565 3027 Ι
580 2963 613 3010 ιο
632 2958 762 3013 cumam
779 2961 824 3029 ΡΙ
840 2958 905 3013 rum
919 2959 1033 3028 Arra
1047 2963 1080 3013 11
1099 2958 1130 3010 m
1148 2931 1166 3011 i,
1182 2959 1209 3013 A
1317 2931 1318 2976 ³

195 3029 235 3084 cd.
251 3045 292 3096 pr.
310 3031 315 3098 Ι
330 3028 439 3082 dicrum
452 3045 503 3084 om.
518 3029 546 3083 A
561 3030 566 3098 Ι
582 3030 702 3098 septima
716 3032 745 3084 et
759 3032 838 3084 sexta
852 3031 880 3084 A
894 3029 1046 3098 septimum
1059 3031 1087 3084 et
1101 3031 1209 3083 sextum

196 3101 268 3155 PM
279 3099 398 3168 septimo
413 3101 442 3154 et
456 3101 534 3154 sexto
544 3101 584 3155 cd.
595 3117 640 3170 pr.
657 3101 705 3156 ΜἸ
720 3099 913 3155 dicrumVIL
928 3102 932 3169 Ι
948 3100 1092 3155 factumA
1108 3103 1112 3172 Ι
1127 3100 1209 3154 trinis

196 3170 310 3225 ΑΜ,
321 3187 366 3238 pr.
385 3170 484 3224 tertias
498 3172 547 3241 ΡΙ
561 3177 595 3225 12
613 3189 641 3240 p.
658 3173 773 3241 stagnat
792 3173 841 3225 aut
859 3171 998 3227 diceretur
1014 3173 1041 3226 L
1059 3188 1114 3240 quo
1133 3171 1153 3224 f.
1166 3174 1210 3225 ter

196 3257 230 3294 ac
252 3259 280 3310 p.
300 3241 431 3367 sagilnatc
454 3243 488 3296 ut
510 3243 614 3296 dicitur
636 3243 728 3309 Somb.
767 3245 772 3313 Ι
810 3243 965 3314 armentius
989 3243 1020 3297 F
1034 3259 1084 3296 -na
1105 3244 1178 3314 vulg.
1201 3244 1210 3315 ΙΙ

196 3318 230 3367 18
248 3328 266 3366 a
284 3328 335 3368 om.

186 3452 188 3456 Ι
268 3389 302 3437 14
321 3390 345 3438 et
358 3401 384 3453 p.
396 3390 438 3450 41,
454 3389 470 3438 2
484 3383 556 3438 fom-
565 3385 593 3439 A
606 3391 632 3440 et
644 3385 684 3438 sic
701 3386 810 3453 ubique,
828 3383 943 3438 suffum-
953 3386 981 3439 P
991 3387 1001 3454 Ι
1016 3390 1049 3438 16
1063 3385 1209 3438 adversum

196 3456 224 3510 L
243 3456 248 3523 Ι
270 3454 355 3508 malci
369 3456 396 3510 A
421 3458 425 3524 Ι
450 3455 557 3510 multse
571 3457 599 3510 P
619 3457 629 3524 ΙΙ
652 3461 684 3509 16
704 3471 777 3523 quse
795 3455 824 3508 in
842 3473 869 3509 u.
885 3456 912 3509 L
926 3472 975 3509 orn.
995 3461 1052 3510 cett.
1076 3458 1085 3524 Ι
1109 3461 1141 3510 17
1160 3472 1211 3525 per

197 3542 247 3580 om.
267 3527 308 3581 ed.
323 3543 367 3594 pr.
400 3528 409 3595 Ι
442 3531 474 3580 17
495 3525 649 3595 dirigendis
668 3526 732 3580 AF
746 3528 786 3580 ed.
801 3544 846 3595 pr.
869 3526 1034 3596 degercndis
1053 3528 1081 3581 P
1093 3543 1142 3581 cra.
1157 3527 1184 3580 L
1204 3527 1207 3598 Ι

197 3597 242 3650 vel
261 3597 294 3650 cl.
314 3614 363 3652 om.
375 3597 435 3651 LP
449 3598 453 3670 Ι
469 3612 597 3664 quaeque
616 3597 655 3651 cd.
665 3614 711 3665 pr.
