2684 3926
189 221 253 284 176
625 218 760 274 VEGETI

187 391 299 464 fecerit,
313 389 463 467 malagma
481 389 753 464 tetrapharmacum
766 389 912 464 imponito
926 407 979 464 per
993 387 1132 446 triduum.
1165 387 1198 446 Si

189 481 219 538 ct
236 479 303 554 ipsa
320 477 494 552 tardaverit,
513 479 659 553 imponito
673 477 863 555 malagmam,
881 496 958 552 quae
972 476 1082 536 dicitur
1095 478 1197 536 melia·

188 567 281 642 cinus,
304 584 397 643 usque
420 567 490 624 dum
514 569 609 625 sanat.

216 773 417 840 LXXXVI.
439 774 490 840 De
511 775 676 858 syrmatica
699 775 720 840 c',
739 775 795 856 qui
816 795 924 839 coccam
947 774 1045 838 audito
1067 773 1171 838 notit.

80 897 226 993 ffissffl·
273 903 472 980 syrmaticum
507 905 673 964 iumentum
706 903 753 963 his
790 904 955 964 ostenditur
988 903 1094 980 signis:
1131 922 1198 978 pro·
1229 926 1241 968 a

224 994 307 1054 diens
335 994 372 1052 de
397 993 490 1069 equili
511 994 560 1054 vel
589 993 625 1052 de
654 992 732 1066 loco,
755 991 807 1052 ubi
828 993 958 1066 steterit,
982 1011 1084 1052 coxam
1105 991 1200 1054 uouit

188 1087 219 1142 et
241 1086 441 1142 mansuemam
464 1083 607 1160 ungulam
630 1081 738 1142 inflexa
766 1099 875 1142 corona
896 1084 994 1140 terrae
1016 1083 1199 1157 superponit,

187 1172 266 1230 unde
289 1175 319 1230 et
342 1173 535 1250 syrmaticum
563 1191 580 1230 a
603 1170 814 1248 tragoedorum
840 1171 941 1246 palliis
971 1171 1093 1244 dioitrr,
1123 1189 1199 1244 quae

187 1262 355 1320 trahuntur.
402 1260 461 1321 Sed
483 1261 620 1336 quamvis
644 1260 774 1319 alienata
801 1260 907 1319 horum
935 1259 983 1319 vel
1005 1262 1104 1318 emota
1127 1276 1199 1318 coxa

188 1349 337 1423 videatur,
367 1349 394 1410 si
416 1369 506 1425 super
527 1352 625 1425 ipsum
647 1349 753 1425 pedem
780 1349 885 1410 caesim
907 1348 1103 1424 repellantur,
1131 1366 1199 1408 con-
1213 1372 1243 1412 1o

188 1441 272 1498 tinuo
303 1439 508 1500 emendabitur
537 1455 666 1516 grecam,
701 1441 732 1496 et
761 1439 824 1498 sina
857 1437 1071 1498 claudicatione
1100 1439 1198 1496 rectus

155 1526 311 1586 lincedet.
358 1528 404 1588 Er
425 1528 481 1586 hac
505 1530 606 1586 autem
630 1527 748 1586 ratione
770 1528 932 1602 contingit:
961 1526 1042 1586 siin
1066 1525 1199 1586 commis·

189 1634 289 1674 suram
311 1615 453 1675 vertibuli
471 1635 506 1674 ex
524 1617 713 1690 oonuptione
731 1616 862 1690 corporis
885 1615 933 1674 vol
956 1633 992 1672 ex
1008 1615 1199 1690 perfrictione

189 1707 277 1762 natus
299 1705 407 1762 humor
424 1705 590 1779 intraverit,
613 1706 684 1762 tunc
702 1723 733 1763 se
752 1703 894 1763 defundet
912 1704 951 1764 ad
968 1721 1073 1763 nervos
1097 1705 1127 1762 et
1149 1721 1199 1762 eos

156 1792 288 1852 3reddit
309 1792 474 1854 immobiles
498 1797 529 1852 et
550 1794 634 1852 velut
657 1792 809 1851 alienatos.
852 1792 910 1862 Qui
931 1793 987 1851 hac
1009 1793 1125 1851 ratione
1148 1810 1242 1856 cu-1s

188 1884 301 1940 rantur.
344 1881 471 1958 Sanguis
490 1881 581 1941 desub
604 1880 713 1960 gamba
731 1881 899 1940 detrahitur
917 1884 1062 1958 copiosus,
1085 1883 1117 1939 in
1140 1899 1198 1956 quo

190 1971 332 2030 admisces
355 1971 460 2045 salem,
490 1970 629 2044 adaman,
659 1972 768 2044 sulfur,
797 1989 938 2030 mannam
966 1972 1054 2043 turis,
1084 1969 1199 2042 teclam,

261 2128 276 2176 5
296 2121 369 2176 Chir.
385 2140 406 2176 c.
423 2128 482 2177 490.
574 2128 607 2176 la
627 2121 700 2176 Chlr.
716 2139 738 2176 c.
753 2127 814 2178 491.
911 2127 945 2176 16
964 2120 1144 2176 Chi1.e.492
1164 2120 1199 2174 cf.

189 2195 257 2264 Veg.
272 2193 298 2247 Π
312 2201 355 2261 81,
371 2200 394 2248 1.

261 2326 274 2372 1
290 2317 510 2388 tetrapharmaci
520 2319 559 2373 cd,
566 2335 611 2386 pr.
623 2318 779 2387 malagmaa
791 2317 1018 2386 tetrapharmaco
1030 2316 1161 2386 imposito
1172 2317 1200 2370 A

189 2390 331 2460 malagma
341 2423 374 2430 —
384 2389 522 2458 imponito
532 2405 582 2444 om.
594 2389 620 2442 L
636 2393 639 2456 1
657 2389 706 2443 sed
716 2389 740 2442 si
749 2388 767 2442 i.
778 2390 798 2442 t.
809 2389 837 2442 A
847 2390 875 2442 et
888 2387 958 2442 haec
968 2390 987 2441 t.
997 2390 1024 2442 P
1036 2391 1045 2458 11
1060 2395 1075 2441 2
1090 2404 1126 2456 ap
1148 2404 1201 2442 one

189 2465 217 2517 P
232 2467 235 2529 1
251 2460 393 2544 malagma
407 2463 434 2516 L
448 2477 491 2514 -as
506 2475 578 2528 quae
600 2460 732 2513 dicuntur
745 2461 773 2514 A
789 2462 792 2527 1
809 2459 1038 2530 meliaoinuslque
1049 2461 1075 2514 L
1089 2459 1127 2512 m'
1141 2459 1201 2512 'ace

190 2536 217 2588 P
229 2532 375 2586 meliacius
389 2533 417 2586 A
430 2533 439 2600 11
454 2537 469 2584 3
489 2533 571 2584 sanat
580 2531 607 2585 L
621 2533 702 2584 sanet
716 2531 743 2584 A
758 2547 839 2584 sanes
855 2532 883 2585 P
896 2533 1010 2584 sanetur
1024 2530 1063 2584 cd.
1071 2547 1115 2598 pr.

261 2609 277 2658 ὅ
297 2603 459 2674 agnoscitur
471 2603 511 2656 ed.
525 2619 567 2670 pr.
582 2603 642 2656 AP
653 2603 693 2670 116
712 2601 843 2670 prodiens
857 2602 893 2658 de
906 2600 1018 2656 stabulo
1037 2617 1135 2656 coxam
1148 2603 1176 2655 P
1195 2601 1199 2672 1

190 2691 273 2730 coxas
286 2676 315 2729 A
337 2677 346 2743 11
370 2676 587 2728 transversum
601 2673 721 2742 ungulas
736 2673 764 2727 A
788 2677 792 2740 1
817 2672 925 2728 inflexis
940 2673 1048 2728 coronis
1062 2673 1102 2728 cd.
1113 2690 1157 2744 pr.
1173 2673 1202 2728 A

189 2746 320 2801 inflexam
338 2761 440 2800 corona
458 2744 485 2798 L
514 2749 518 2809 1
551 2744 749 2812 superponitur
765 2744 840 2798 unde
859 2762 879 2798 s.
895 2747 923 2799 P
940 2746 1109 2812 superponet
1126 2743 1201 2800 unde

190 2821 219 2872 et
237 2836 258 2872 s.
273 2819 300 2872 L
318 2819 426 2872 tractae
446 2817 616 2885 superponet
633 2815 708 2868 unde
732 2817 760 2870 et
778 2833 799 2870 e.
814 2818 842 2872 A
861 2814 1089 2884 superimponens
1108 2817 1201 2870 osten-

190 2890 234 2942 dit
252 2892 281 2943 et
299 2907 319 2942 s.
335 2889 374 2943 ed.
385 2905 429 2958 pr.
462 2888 471 2955 11
503 2893 519 2940 8
538 2886 704 2956 syrmatieus
723 2887 751 2940 A
789 2890 792 2953 1
832 2889 861 2940 et
878 2885 1046 2956 ragedorum
1064 2885 1154 2956 paleis
1172 2887 1201 2940 A

190 2962 229 3016 ed.
242 2978 284 3030 pr.
301 2962 365 3014 atr.
379 2957 480 3028 palleis
495 2958 522 3011 L
540 2973 557 3012 a
572 2959 605 3012 tr.
620 2956 709 3025 paleis
723 2960 751 3012 P
763 2960 802 3027 119
821 2973 894 3025 quae
910 2960 944 3013 tr.
959 2957 1064 3010 dicitur
1081 2958 1121 3011 ed.
1132 2974 1177 3026 pr.
1192 2959 1198 3039 1

190 3032 327 3086 sed-16
348 3031 480 3084 curantur
498 3045 548 3084 om.
563 3031 591 3084 P
618 3031 622 3097 1
652 3029 746 3083 aliena
764 3043 859 3084 eorum
877 3027 922 3084 vel
939 3031 1018 3084 muta
1036 3029 1063 3084 L
1090 3030 1099 3097 11
1123 3033 1156 3081 10
1176 3045 1200 3082 si

190 3119 274 3172 super
291 3101 472 3172 temptaveris
490 3100 576 3169 pedes
595 3100 679 3154 cessis
701 3099 855 3168 repellatur
873 3101 901 3154 A
919 3100 943 3154 si
962 3115 1045 3168 super
1062 3101 1200 3168 tempera

190 3174 262 3228 veris
284 3174 371 3242 pedes
394 3172 479 3228 cessis
502 3171 706 3240 compellantur
728 3187 822 3242 morpo
845 3170 870 3224 si
891 3187 976 3240 super
1000 3171 1092 3240 ipsum
1115 3169 1200 3224 cessis

190 3247 230 3300 ed.
241 3263 285 3314 pr.
300 3247 310 3314 11
329 3251 360 3299 11
380 3260 478 3315 gressu
496 3243 523 3296 L
547 3244 551 3312 1
576 3245 669 3298 rectus
686 3258 737 3296 om.
753 3242 779 3295 L
797 3243 875 3296 habat
891 3243 974 3298 ctiam
993 3242 1065 3298 cto.
1086 3243 1096 3311 11
1119 3246 1152 3294 12
1171 3243 1201 3295 et

190 3316 244 3369 hac
262 3318 302 3370 ed.
313 3332 358 3384 pr.
376 3319 379 3382 1
395 3316 425 3368 in
439 3332 489 3369 om.
504 3315 544 3371 ed.
554 3330 600 3384 pr.
616 3315 643 3368 A
662 3316 673 3382 11
692 3318 724 3369 13
744 3330 778 3367 ex
795 3314 843 3368 oli.
857 3329 909 3368 om.
924 3313 963 3368 ed.
976 3330 1020 3381 pr.
1035 3313 1063 3368 A
1084 3314 1094 3381 1
1119 3317 1152 3366 14
1171 3327 1200 3366 aa

190 3403 240 3441 om.
256 3386 283 3439 L
308 3390 311 3453 1
337 3385 488 3440 descendat
507 3384 544 3439 ad
561 3402 588 3438 u.
603 3386 631 3439 A
645 3383 780 3438 defundet
799 3383 929 3438 adversus
949 3382 1054 3453 1111111
1076 3387 1108 3436 15
1128 3399 1200 3451 quae

191 3457 231 3512 ad.
243 3458 312 3580 md
330 3462 362 3510 16
382 3474 402 3510 a.
418 3457 444 3510 ci
462 3458 501 3512 ed.
552 3497 556 3507 .
572 3456 600 3511 A
617 3457 626 3524 11
646 3459 677 3508 11
698 3457 792 3508 atarca
810 3454 837 3507 L
852 3454 1020 3510 addiciasA
1038 3471 1088 3510 ona
1103 3453 1143 3508 ed.
1153 3470 1199 3522 pr.

190 3527 236 3598 ΡΙ
254 3526 297 3580 sul
311 3569 316 3579 .
331 3527 453 3580 marinas
468 3543 517 3580 coc
529 3541 576 3580 eas
590 3526 706 3580 added.
714 3543 759 3594 pr.
770 3526 806 3593 A,
820 3541 870 3580 oen.
886 3525 945 3580 LP
959 3523 1031 3580 otc.
1048 3529 1052 3594 1
1068 3539 1201 3580 mannam

191 3615 240 3652 om.
255 3598 317 3652 AP
330 3599 334 3665 1
349 3596 448 3650 flecam
461 3599 489 3651 P
