2682 3920
189 221 252 284 126
629 219 764 273 VEGETI

187 388 294 448 melius
313 391 367 462 ost,
380 391 532 464 pascatur.
567 387 648 457 Quae
668 387 694 448 si
713 387 872 462 defuerint,
890 389 1020 446 farinam
1040 388 1075 447 de
1094 389 1205 450 ho1deo

187 476 292 549 facies,
322 477 370 535 oui
397 476 510 535 nitrum
539 475 728 551 admiscebis‚
756 479 786 536 et
813 476 856 537 sic
886 495 1025 553 appones.
1072 477 1205 536 Faenum

187 583 306 641 quoque
338 566 548 624 mollissimum
585 567 689 642 eliges3
721 565 801 640 quod
836 565 1030 624 nihilominus
1061 568 1142 625 nitro
1175 571 1205 626 ot

81 719 86 727 ¹
153 652 268 728 laqus
290 663 473 732 consperges.
516 654 698 730 Sanguinem
720 673 780 713 non
804 653 957 728 detrahas,
986 655 1046 714 nisi
1067 656 1144 713 forte
1168 655 1204 714 de

187 742 290 818 palato
310 742 473 818 despumes.
520 742 596 800 (lum
616 742 748 818 coeperit
766 744 979 817 convalescere,
1001 745 1116 802 nitrum
1134 746 1203 802 tun-
1232 767 1246 804 s

188 851 253 890 sum
276 834 307 889 et
330 831 493 891 cribratum
515 831 633 905 pulveri
655 831 691 888 de
714 830 863 889 radicibus
887 831 1049 890 cucumeris
1073 831 1204 891 silvatici

187 921 358 978 commisces
376 923 407 978 et
425 920 457 977 in
475 921 539 978 vini
557 923 628 977 sext.
648 918 664 976 Ι
682 920 813 978 cocleere
825 920 958 995 pulveris
975 920 1070 997 ipsius
1088 920 1204 998 iunges,

153 1011 221 1066 sut
249 1008 306 1067 hac
334 1010 457 1084 potione
484 1008 616 1066 resoluto
644 1010 747 1067 ventre
776 1011 928 1087 purgetur.
975 1009 1038 1066 Alii
1067 1011 1203 1068 auctores

185 1099 333 1157 tumorem
356 1096 463 1171 cepitis
487 1115 521 1155 oo
544 1097 665 1174 linguae
686 1097 736 1156 vel
758 1096 905 1170 faucium,
933 1099 1052 1156 etiamsi
1077 1097 1203 1156 obdura·

186 1185 277 1260 verit,
309 1187 353 1243 ite
376 1186 552 1244 festinantes
583 1187 706 1261 propter
732 1185 898 1260 periculum
921 1203 1024 1244 curare
1051 1185 1201 1244 nituntur:
1216 1211 1245 1250 ιο

185 1273 301 1349 lapides
324 1275 451 1332 molares
474 1274 574 1349 plures
597 1273 661 1351 igni
681 1273 876 1348 succendunt3
899 1292 966 1332 cum
989 1273 1114 1333 condere
1138 1292 1201 1333 coe·

185 1365 298 1436 posint,
328 1365 420 1439 caput
448 1363 517 1438 equi
546 1363 732 1437 cooperiunt,
764 1365 794 1421 et
821 1381 875 1421 vas
897 1362 1019 1438 plenum
1046 1363 1120 1421 lotio
1148 1363 1202 1421 sub

185 1469 235 1508 ore
266 1454 296 1509 et
318 1451 439 1510 naribus
470 1451 624 1527 adponant
647 1454 677 1509 et
704 1469 757 1528 per
784 1450 863 1509 vices
887 1450 1020 1526 singulos
1043 1451 1202 1510 candentes

185 1539 299 1615 lapides
323 1542 355 1597 in
377 1539 452 1599 lotio
480 1541 618 1614 mittunt,
648 1543 682 1598 ut
711 1539 763 1597 ille
793 1557 888 1614 vapor
910 1557 946 1597 ac
968 1540 1080 1614 fumus,
1104 1540 1201 1599 calore

151 1627 320 1703 illepidum
348 1629 527 1702 concitatus,
555 1646 587 1686 os
615 1629 685 1702 equi
715 1630 745 1685 et
771 1646 857 1687 nares
884 1629 1019 1703 impleat.
1063 1629 1143 1686 Nam
1170 1631 1243 1693 et15

184 1715 294 1774 fustem
311 1719 523 1792 transversum,
547 1719 581 1774 ut
604 1719 741 1792 apertum
760 1734 793 1776 os
810 1716 929 1791 habeat,
952 1715 1039 1775 debet
1058 1717 1199 1792 accipere.

185 1801 270 1872 Quod
297 1823 365 1863 cum
393 1804 559 1863 diutissime
582 1804 699 1879 feceris,
728 1823 839 1879 aquam
866 1805 1013 1864 marinam
1035 1805 1200 1885 calciante,

184 1892 233 1950 vel
260 1895 337 1951 certe
364 1893 458 1951 salem
488 1893 520 1950 in
548 1912 659 1969 aquam
691 1892 807 1952 dulcem
838 1892 974 1952 miscebis
1001 1893 1200 1968 fervendoque

185 1980 341 2056 dissolves3
364 1981 467 2040 addito
490 1985 575 2040 aceto
599 1982 742 2042 acerrimo
766 1985 859 2057 caput
886 1981 950 2040 eius
974 1984 1004 2040 et
1026 1999 1059 2041 os
1082 1984 1112 2040 et
1134 1983 1199 2060 gin·

184 2071 269 2147 giras
292 2069 460 2129 diutissime
486 2071 670 2130 confricabis.
711 2070 820 2130 Postea
842 2071 945 2128 fimum
967 2069 1110 2129 bubalum
1132 2088 1200 2129 oum
1214 2096 1242 2136 eo

184 2158 245 2216 aori
277 2161 361 2218 aceto
393 2159 530 2218 miscebis
560 2161 591 2216 et
621 2160 795 2235 tepefacies,
827 2179 862 2218 ex
894 2178 953 2234 quo
983 2162 1074 2235 caput
1102 2161 1199 2218 totum

184 2248 214 2304 et
236 2247 365 2306 frontem
388 2267 423 2306 ac
449 2247 540 2305 labra
561 2266 715 2325 perunges.
767 2246 824 2306 Oui
846 2248 976 2307 farinam
1005 2247 1199 2308 hordeaceam

183 2345 251 2393 cum
274 2337 478 2412 aquatepida
501 2335 682 2395 sufficienter
703 2355 758 2411 pro
781 2335 847 2394 cibo
870 2336 955 2395 dabis
979 2340 1009 2395 et
1031 2339 1114 2413 potu

254 2561 270 2608 8
291 2554 363 2610 Chir.
380 2574 402 2610 c.
419 2563 478 2611 523.
518 2562 550 2610 17
569 2555 642 2613 Ohir.
659 2576 680 2610 c.
697 2562 756 2612 624.

255 2775 268 2822 1
289 2784 361 2835 qnae
380 2785 430 2822 om.
445 2768 472 2820 L
488 2770 491 2836 Ι
509 2768 543 2822 de
562 2768 667 2822 hordeo
686 2785 735 2823 om.
751 2771 812 2824 ΑΡ
823 2773 862 2839 ΙΙὸ
882 2769 1024 2838 dispumes
1039 2770 1066 2823 L
1081 2771 1086 2842 Ι
1102 2787 1128 2823 n.
1147 2771 1197 2823 tri-

180 2841 242 2893 tum
261 2841 339 2909 Ρ116
357 2838 485 2907 pulveres
503 2839 543 2893 cd.
555 2857 598 2910 pr.
617 2842 645 2894 A
662 2839 805 2909 pulverem
823 2842 868 2910 ΡΙ
885 2840 980 2894 radice
994 2843 1039 2910 ΡΙ
1056 2857 1078 2894 o.
1094 2840 1197 2894 asinini

181 2909 241 2964 silv.
257 2911 297 2964 ed.
308 2928 352 2980 pr.
367 2913 406 2979 ll⁷
425 2909 557 2963 miscebis
575 2912 626 2980 ΡΙ
646 2911 676 2963 in
694 2927 744 2966 om.
760 2912 799 2965 ed.
810 2928 856 2980 pr.
872 2912 900 2965 A
924 2913 928 2982 Ι
953 2911 1078 2964 cocleare
1098 2911 1125 2964 L
1142 2912 1197 2964 -ria

180 2983 251 3052 11419.
269 2985 273 3050 Ι
289 2981 375 3050 iunge
393 2980 433 3035 cd.
444 2998 489 3050 pr.
509 2980 613 3051 inunge
632 2983 659 3036 A
682 2985 691 3051 Ι
714 2986 729 3034 8
749 2982 791 3105 ιιΙΙ
813 2984 841 3035 et
860 2983 921 3037 ΑΡ
943 2983 947 3054 Ι
971 2981 1055 3035 huius
1073 2981 1196 3051 potionis

180 3052 208 3105 vi
223 3053 262 3106 ed.
273 3069 318 3120 pr.
336 3057 339 3118 Ι
355 3052 395 3123 §§
405 3057 477 3106 5-6
490 3068 540 3105 om.
552 3054 580 3106 P
590 3054 600 3121 ΙΙ
615 3057 647 3105 11
663 3069 726 3106 oum
737 3069 771 3106 ea
792 3069 836 3106 em
846 3052 971 3122 ceperint
981 3054 1008 3107 A
1021 3056 1031 3121 Ι
1046 3058 1079 3105 13
1093 3069 1195 3122 suppo-

180 3125 252 3175 nunt
270 3124 309 3176 cd.
321 3140 365 3192 pr.
382 3124 409 3176 A
428 3123 492 3192 adp.
508 3122 534 3175 L
550 3123 621 3177 Oliir.
639 3127 642 3191 Ι
664 3123 790 3192 singulas
809 3123 836 3176 L
858 3126 867 3193 ΙΙ
892 3129 924 3177 14
942 3123 972 3177 in
991 3122 1060 3176 lotio
1078 3123 1196 3177 mittunt

181 3191 241 3245 LA
259 3193 288 3244 in
307 3192 407 3246 lotium
421 3193 498 3252 imm.
513 3195 552 3248 ed.
564 3210 608 3261 pr.
626 3196 630 3260 Ι
654 3209 671 3246 a
690 3194 781 3248 calore
800 3195 839 3248 ed.
852 3211 896 3264 pr.
912 3195 940 3248 A
953 3197 962 3264 ΙΙ
977 3199 1010 3248 15
1029 3193 1148 3262 impleat
1167 3196 1196 3247 et

180 3262 255 3315 fuste
278 3264 319 3317 ed.
334 3281 378 3331 pr.
400 3280 467 3317 nem
490 3263 514 3317 si
538 3265 650 3317 steteris
672 3265 775 3331 visum,
801 3266 834 3318 ut
857 3281 881 3318 a.
902 3266 929 3318 A
946 3268 956 3334 ΙΙ
971 3271 1003 3318 17
1023 3264 1123 3318 fecerit
1141 3266 1168 3319 A
1186 3267 1195 3332 ΙΙ

182 3337 215 3385 18
234 3331 354 3385 salinam
372 3350 457 3402 quem
475 3333 552 3388 dulci
570 3353 605 3389 m.
621 3336 648 3388 A
668 3351 742 3402 equa
760 3334 836 3388 dulci
854 3337 894 3389 ed.
905 3352 949 3403 pr.
967 3337 972 3406 Ι
987 3335 1152 3404 fermentoq.
1167 3336 1195 3389 A

180 3401 326 3470 fovendoq.
342 3405 381 3457 ed.
392 3421 438 3473 pr.
457 3407 466 3472 ΙΙ
488 3410 521 3458 19
536 3407 565 3459 et
575 3409 657 3474 prius
670 3421 720 3460 om,
736 3405 762 3457 L
775 3409 785 3474 ΙΙ
799 3411 833 3458 20
851 3404 1021 3459 bubulinum
1033 3406 1073 3460 ed.
1085 3423 1129 3474 pr.
1145 3407 1172 3459 A
1186 3408 1196 3478 ΙΙ

181 3477 215 3526 22
234 3471 267 3524 fr.
283 3489 337 3540 que
356 3489 389 3526 ae
407 3473 485 3527 labia
504 3476 542 3528 ed.
555 3493 599 3542 pr.
615 3476 642 3528 A
659 3479 663 3545 Ι
680 3475 724 3528 cui
744 3475 770 3527 L
788 3477 856 3529 tuno
875 3476 914 3530 ed.
926 3493 970 3543 pr.
986 3479 1014 3530 A
