2668 3920
230 1095 254 1154 Ι.
277 1096 309 1154 P.
328 1095 436 1174 Vegeti
454 1097 512 1155 viri
529 1095 655 1155 illustris
673 1095 933 1154 mulomedicinam
950 1097 1063 1172 primus
1083 1097 1177 1156 edidit

163 1185 301 1246 Basileae
320 1203 346 1243 a.
368 1186 452 1244 1528
476 1185 629 1244 Ioannes
647 1184 761 1243 Faber
779 1185 941 1244 Emmaus
962 1185 1176 1246 iuliacensis

163 1275 422 1351 typographus.
459 1273 675 1333 Transvexerat
689 1275 776 1348 enim,
794 1276 829 1331 ut
842 1275 906 1349 ipse
927 1274 1023 1334 editor
1041 1277 1074 1334 in
1090 1293 1176 1350 prae-

163 1363 277 1421 fatione
308 1364 424 1438 narret,
454 1362 493 1420 ad
520 1382 587 1422 eum
613 1363 760 1422 Dominus
783 1363 976 1422 Herennianus
1004 1365 1129 1438 enipius
1157 1383 1176 1422 a

162 1452 319 1510 Nenenene
342 1468 432 1510 eomes
459 1453 645 1528 praepositus
668 1450 828 1526 primariae
856 1451 936 1511 aedis
962 1451 1142 1512 Oolomemis
1150 1445 1174 1534 1)

164 1541 293 1598 codicem
320 1540 467 1616 quendam
489 1542 706 1615 pervetustum,
736 1541 788 1615 qui
816 1541 987 1599 continebat
1009 1541 1116 1618 Vegeti
1138 1541 1174 1600 de

2 1585 7 1610 ,›
68 1657 72 1662 -
162 1629 393 1688 mulomedieina
413 1647 487 1705 opus
507 1630 610 1688 multis
631 1629 755 1688 saeculis
777 1621 1018 1707 absconditum&
1050 1629 1174 1689 Librum

157 1719 370 1792 propemodum
403 1720 529 1790 infinitis
562 1719 632 1777 iocis
663 1721 831 1790 corruptam
866 1720 902 1774 ut
936 1721 1000 1777 iure
1032 1721 1175 1795 queritur,

162 1809 225 1882 ipse
254 1809 419 1866 correxerat
447 1806 556 1880 editor,
587 1825 654 1864 eum
680 1804 790 1868 Beatus
813 1806 972 1865 Rhenanus
1003 1810 1094 1866 variis
1124 1807 1173 1866 ob·

163 1897 284 1954 strietus
297 1897 426 1974 negotiis
444 1915 566 1954 munere
585 1895 718 1954 obeundo
733 1895 834 1954 edesse
852 1914 912 1954 non
926 1900 1034 1971 posset.
1077 1895 1174 1955 Oodex

163 2003 230 2042 oum
252 1984 320 2044 inde
344 1985 381 2043 ab
404 1985 457 2043 iilo
480 1987 612 2059 tempore
635 2003 782 2060 nusquam
805 1985 1016 2060 comparuerit,
1044 1985 1173 2044 editione

161 2074 297 2149 principe
327 2073 435 2133 codicis
464 2073 560 2132 instar
589 2075 636 2132 uti
669 2073 752 2132 lieet:
782 2092 877 2148 neque
908 2076 986 2132 enim
1016 2091 1082 2132 eum
1111 2074 1173 2131 ullo

164 2164 312 2238 quotquot
341 2161 451 2222 servati
480 2166 550 2220 sunt
579 2161 678 2221 codice
708 2161 780 2220 adeo
814 2163 961 2220 consentit
989 2165 1024 2220 ut
1053 2163 1172 2220 omnino

162 2251 316 2329 neglegere
339 2243 523 2337 possimus.³)
570 2249 760 2325 Corrupteles
787 2269 861 2324 quas
891 2251 992 2308 sanari
1013 2269 1101 2324 posse
1124 2251 1173 2309 de-

235 2477 260 2542 1)
279 2473 321 2527 De
340 2489 395 2541 quo
413 2472 477 2526 vide
495 2472 660 2542 Alipemeine
683 2471 804 2526 danim
822 2472 991 2542 Bicyraphie
1009 2471 1061 2526 vol.
1081 2471 1170 2526 XXIII

161 2563 189 2614 p.
205 2549 327 2598 485-86
343 2543 473 2614 (daiga),
492 2543 679 2610 Briefeeechsei
697 2543 742 2597 dee
758 2545 864 2598 Beatus
878 2544 1030 2598 anne
1042 2543 1170 2614 herausg.

161 2633 186 2669 v.
201 2615 343 2669 Horawits
365 2615 424 2668 und
443 2614 605 2670 Haitfelder
625 2613 750 2684 (Leipzig
772 2616 851 2683 1886)
868 2632 896 2683 p.
917 2621 968 2669 128
986 2633 1013 2670 n.
1032 2620 1055 2669 9.
1094 2615 1173 2670 Idem

163 2686 271 2756 primus
301 2687 392 2740 edidit
420 2686 525 2741 Octavii
550 2687 705 2740 Horatiani
733 2703 823 2740 reram
847 2687 1013 2740 medicorum
1038 2688 1103 2741 iibri
1127 2688 1177 2740 IV

161 2759 343 2883 Aggssrtlozreti
368 2762 440 2881 15ῗ12Ι
460 2757 494 2810 of.
518 2757 654 2811 Theodori
675 2757 817 2811 Prisciani
840 2757 1010 2826 Euporision
1033 2759 1097 2812 iibri
1119 2759 1175 2811 ΙΙΙ

163 2845 206 2884 e.
249 2873 254 2882 .
295 2845 343 2882 ose
382 2871 387 2882 .
443 2870 447 2880 .

234 2904 260 2969 2)
278 2846 379 2967 NequleJ
395 2899 469 2952 unde
484 2897 628 2952 advenerit
641 2897 690 2952 ille
704 2899 791 2953 codex
805 2898 907 2952 seimus
925 2915 977 2954 nec
996 2916 1050 2966 quo
1070 2899 1171 2954 deinde

162 2971 273 3026 delatus
292 2972 336 3025 sit.
374 2971 415 3024 Ex
432 2969 558 3040 Ungaria
575 2969 724 3023 videbatur
745 2970 854 3024 venisse
875 2969 1043 3024 Schneidero
1063 2969 1169 3039 (Serapi.

3 3042 10 3087 i
81 3103 83 3106 ¹
161 3045 202 3114 rei
223 3050 290 3098 rusi.
309 3044 375 3095 tom.
390 3041 458 3094 ive
477 3059 504 3109 p.
521 3047 560 3108 4,,
580 3041 661 3094 oredo
689 3040 764 3108 quod
787 3041 874 3096 editio
903 3042 941 3094 ad
962 3040 1171 3096 Fordinandum

161 3129 258 3183 regem
271 3113 413 3182 Ungariae
426 3111 513 3165 missa
527 3113 587 3180 est),
603 3127 636 3164 ex
649 3110 733 3164 Italia
747 3111 872 3165 Erhardo
888 3112 991 3182 (desei.
1007 3113 1032 3166 d.
1051 3113 1170 3167 Wieder·

162 3185 327 3251 castiniacae
346 3185 371 3238 d.
390 3184 459 3237 wisa
475 3183 552 3236 Biid.
567 3182 605 3236 ΙΠ
623 3201 650 3251 p.
665 3185 740 3248 421):
768 3200 817 3236 eur
838 3200 894 3236 non
917 3183 947 3236 in
969 3184 980 3236 i
1001 3199 1033 3236 ea
1056 3182 1171 3237 Colonia

160 3256 324 3325 putabimus
343 3253 468 3308 codicem
480 3254 625 3308 inventam
644 3261 721 3308 esse?
753 3253 846 3308 Etiam
863 3254 976 3308 editio'
1003 3253 1170 3308 ePiisoiani

162 3329 195 3396 (v.
212 3327 275 3382 adn.
291 3329 317 3396 1)
335 3325 461 3380 manavit
484 3341 518 3378 ex
535 3325 726 3394 manuscripto
749 3342 823 3379 nnnc
840 3325 1014 3380 Bruxellensi
1033 3325 1081 3394 qui
1099 3325 1172 3380 iiber

162 3399 223 3452 erat
240 3401 301 3451 tum
319 3399 409 3452 sanati
421 3397 616 3466 panthaleonis
633 3398 664 3450 in
685 3396 810 3451 Colonia:
834 3399 908 3450 oerte
930 3397 1027 3450 eodem
1045 3399 1170 3464 tempore

162 3469 234 3523 alter
245 3468 347 3538 Vegeti
367 3467 462 3534 codex,
479 3467 528 3520 sed
542 3466 699 3532 lacunosae,
713 3466 744 3519 in
756 3466 929 3521 bibliotheca
944 3466 1068 3521 eiusdem
1083 3467 1170 3520 eoele-

162 3540 220 3594 siae
240 3543 312 3607 erat3
331 3539 395 3593 vide
413 3554 485 3608 quae
499 3537 573 3591 infra
590 3537 657 3607 pX
676 3537 711 3591 de
730 3537 834 3592 codicis
855 3537 999 3592 Leidensis
1018 3537 1169 3606 archetypo

162 3610 377 3680 disputabimus.
450 3612 477 3678 3)
497 3609 537 3663 of.
557 3608 631 3662 infra
649 3627 676 3678 p.
691 3607 762 3661 XXI.

462 3737 678 3834 171092

975 3695 1010 3746 a*
