2668 3920
503 225 785 281 MVLOMEDICINA

403 496 640 572 onrinunn
669 499 800 572 uum
827 499 890 572 ru.

165 664 181 719 1
206 661 251 718 De
274 680 397 720 numero
420 663 450 721 et
472 664 620 740 positione
677 665 716 722 19
743 661 924 738 Compositio
948 664 1129 722 traumatiei.

207 751 326 809 ossium.
676 763 718 820 20
743 759 926 836 Compositio
986 761 1156 838 malagmao

164 843 182 898 2
206 839 251 897 De
271 841 417 899 mensuris
439 859 620 916 numeroque
740 849 890 908 basilicae.

205 927 412 987 membrorum.
676 940 715 996 21
742 936 925 1014 Compositio
986 939 1154 1015 malagmae

163 1018 181 1075 3
206 1017 252 1074 De
275 1037 396 1076 numero
420 1019 620 1094 etqualitate
741 1036 809 1094 alja,

206 1126 372 1165 nervorum·
676 1127 716 1182 22
743 1123 924 1200 Compositio
956 1127 1054 1202 prima
1084 1145 1155 1184 ana·

163 1195 182 1252 4
207 1195 252 1254 De
276 1196 423 1270 qualitate
446 1215 597 1255 venarum.
742 1214 915 1272 coflemaffis,

164 1284 182 1341 5
206 1284 251 1342 Do
274 1284 393 1343 indiciis
417 1287 533 1344 aetatis.

161 1373 181 1430 6
206 1373 252 1431 De
276 1375 369 1451 signis
389 1374 496 1449 quibus
515 1391 621 1451 agnos-

207 1463 286 1521 oitur
307 1464 416 1538 patria.

676 1312 716 1370 23
743 1310 924 1387 Compositio
988 1313 1155 1390 malagmae

742 1401 858 1459 erudas.

394 1552 399 1562 ,
504 1551 510 1563 ,
676 1489 718 1546 24
743 1487 926 1565 Compositio
938 1489 1105 1566 malagmae
1116 1488 1155 1546 ad

164 1553 181 1609 7
206 1551 252 1609 De
274 1551 458 1627 temporibus
480 1553 570 1611 vitae.
740 1578 877 1656 uligines·

163 1640 181 1697 8
206 1639 251 1698 De
269 1642 391 1716 potione
411 1640 449 1698 ad
462 1639 621 1699 reficienda
676 1668 716 1725 25
739 1667 892 1745 Malagma
911 1666 949 1726 ad
971 1686 1085 1727 nervos,

205 1729 348 1788 iumssnla·
676 1765 716 1822 26
742 1763 923 1841 Compositio
973 1763 1153 1824 traumatioi.

676 1864 716 1921 27
742 1861 924 1939 Compositio
954 1864 1155 1939 oollyriorum.

676 1962 716 2019 28
743 1959 934 2037 Cephalioum
962 1962 1155 2038 emplastrum

141 2085 180 2142 11
206 2083 356 2144 Adversus
385 2085 485 2145 omnia
512 2104 620 2163 genera
742 2050 780 2108 ad
803 2051 966 2158 ‘flfflldffldfl’
988 2051 1120 2109 vulnera·

206 2172 384 2232 morborum.
741 2146 990 2206 Medmamentum
1034 2166 1155 2206 consue·

141 2263 181 2320 12
207 2259 389 2338 Compositio
437 2262 621 2321 suffimento-
741 2238 813 2292 lum·
929 2323 935 2335 .

206 2371 273 2410 mm
296 2352 446 2410 Saluiam,
743 2322 851 2383 Chlora
859 2324 1107 2383 med1oamentum
1117 2325 1155 2384 ad

142 2440 181 2497 13
208 2438 390 2515 Compositio
404 2441 536 2517 pulveris
548 2459 620 2515 qua·
741 2413 866 2472 Wlnera
889 2413 1082 2488 limpidffllda·

207 2528 340 2606 drigarfl,
741 2511 785 2568 De
796 2511 1034 2586 tetrapharmaco
1045 2511 1154 2571 advul-

142 2618 183 2674 14
208 2616 391 2694 Compositio
415 2618 547 2677 oaustioi.
741 2618 813 2658 nera
836 2600 1009 2659 claudenda·

142 2707 182 2764 15
209 2705 362 2766 Confectio
385 2707 560 2784 malagmao.
742 2695 871 2756 Glioium
888 2698 927 2756 ad
947 2699 1073 2758 vulnera
1095 2718 1156 2758 sor-

163 1819 181 1876 9
206 1817 254 1876 Ad
276 1819 382 1878 tussim
406 1821 436 1877 et
458 1819 566 1878 urlsos.

141 1909 183 1966 10
206 1905 255 1965 Ad
291 1925 388 1967 oossos
425 1925 538 1966 vermes
572 1908 620 1967 vel

205 1997 310 2054 tineas.

142 2795 182 2852 16
208 2793 390 2870 Compositio
404 2796 523 2871 collyrii
538 2795 621 2855 fistu-
742 2785 813 2845 dida
836 2790 866 2846 et
889 2805 1036 2847 cancroso·

207 2883 287 2943 laris.
741 2883 786 2943 De
817 2885 958 2943 ossoolari
987 2886 1025 2944 ed
1055 2887 1155 2944 omnia
1246 2885 1255 2900 ⁴

142 2974 183 3030 17
209 2971 391 3048 Compositio
454 2974 621 3050 malagmae
742 2974 877 3032 ossicula.

207 3062 325 3122 crudae.
741 3061 786 3120 De
810 3063 940 3138 styptioo
963 3061 1002 3120 ad
1031 3063 1156 3121 uiliora

143 3150 183 3208 18
209 3147 391 3226 Compositio
433 3151 620 3226 synorismae.
742 3151 887 3209 humeota.

213 3395 228 3442 2
247 3405 362 3445 numero
382 3390 563 3459 etqualitate
581 3409 617 3444 m.
633 3392 660 3444 A
674 3393 713 3461 115
734 3391 769 3445 de
782 3391 895 3444 indietis
915 3393 943 3445 at
958 3391 1052 3446 aetate
1070 3408 1155 3460 equo-

140 3477 203 3514 rum
221 3464 249 3516 A
271 3464 280 3530 lt
303 3467 319 3514 8
338 3462 417 3531 potio
435 3464 463 3516 A
481 3462 609 3531 potiones
629 3463 656 3515 P
678 3463 682 3533 Ι
708 3478 790 3516 aurae
808 3461 853 3516 vel
872 3479 973 3517 oausae
992 3463 1155 3531 dyapenton

140 3533 206 3587 add.
221 3534 249 3587 P
260 3535 269 3604 ΙΙ
285 3538 316 3586 12
331 3549 381 3587 om.
393 3533 421 3586 P
431 3535 441 3602 ΙΙ
455 3538 488 3586 13
504 3533 678 3587 oonfeotioA
691 3535 701 3603 11
716 3538 749 3586 16
764 3533 929 3603 compositio
943 3535 1003 3588 ΑΡ
1015 3536 1024 3602 tl
1039 3538 1071 3586 28
1087 3549 1156 3600 quoe

141 3610 292 3673 sequuntur
310 3605 435 3672 capitula
452 3604 532 3659 habet
548 3606 608 3660 sola
625 3605 665 3659 ed.
677 3621 722 3674 pr.
