<?xml version="1.0" encoding="UTF-8"?>
<!DOCTYPE html PUBLIC "-//W3C//DTD XHTML 1.0 Transitional//EN"
    "http://www.w3.org/TR/xhtml1/DTD/xhtml1-transitional.dtd">
<html xmlns="http://www.w3.org/1999/xhtml" xml:lang="en" lang="en">
 <head>
  <title>
</title>
<meta http-equiv="Content-Type" content="text/html;charset=utf-8" />
  <meta name='ocr-system' content='tesseract 3.04.00' />
  <meta name='ocr-capabilities' content='ocr_page ocr_carea ocr_par ocr_line ocrx_word'/>
</head>
<body>
  <div class='ocr_page' id='page_1' title='image "./pvegetirenatidi02martgoog/pvegetirenatidi02martgoog_0278.png"; bbox 0 0 2684 3926; ppageno 0'>
   <div class='ocr_carea' id='block_1_1' title="bbox 539 231 1221 326">
    <p class='ocr_par' dir='ltr' id='par_1_1' title="bbox 539 231 1221 326">
     <span class='ocr_line' id='line_1_1' title="bbox 539 231 1221 326; baseline 0.012 -8"><span class='ocrx_word' id='word_1_1' title='bbox 539 265 679 319; x_wconf 81' lang='lat' dir='ltr'>uvuou.</span> <span class='ocrx_word' id='word_1_2' title='bbox 699 265 724 318; x_wconf 88' lang='lat'>11</span> <span class='ocrx_word' id='word_1_3' title='bbox 744 271 795 318; x_wconf 83' lang='lat'>134</span> <span class='ocrx_word' id='word_1_4' title='bbox 1111 261 1174 326; x_wconf 78' lang='lat'>231</span> <span class='ocrx_word' id='word_1_5' title='bbox 1209 231 1221 251; x_wconf 66' lang='grc'>’</span> 
     </span>
    </p>
   </div>
   <div class='ocr_carea' id='block_1_2' title="bbox 112 433 1265 1756">
    <p class='ocr_par' dir='ltr' id='par_1_2' title="bbox 112 433 1265 1756">
     <span class='ocr_line' id='line_1_2' title="bbox 155 433 1177 510; baseline -0.003 -18"><span class='ocrx_word' id='word_1_6' title='bbox 155 433 319 510; x_wconf 84' lang='lat' dir='ltr'>agitaveris</span> <span class='ocrx_word' id='word_1_7' title='bbox 343 433 476 507; x_wconf 88' lang='lat' dir='ltr'>claudes,</span> <span class='ocrx_word' id='word_1_8' title='bbox 504 453 540 492; x_wconf 89' lang='lat' dir='ltr'>ne</span> <span class='ocrx_word' id='word_1_9' title='bbox 568 434 642 493; x_wconf 91' lang='lat' dir='ltr'>odor</span> <span class='ocrx_word' id='word_1_10' title='bbox 668 433 777 493; x_wconf 77' lang='lat' dir='ltr'>herbae</span> <span class='ocrx_word' id='word_1_11' title='bbox 801 434 941 494; x_wconf 87' lang='lat' dir='ltr'>salutaris</span> <span class='ocrx_word' id='word_1_12' title='bbox 965 433 1095 507; x_wconf 73' lang='lat' dir='ltr'>exhalet,</span> <span class='ocrx_word' id='word_1_13' title='bbox 1123 451 1177 508; x_wconf 91' lang='lat' dir='ltr'>per</span> 
     </span>
     <span class='ocr_line' id='line_1_3' title="bbox 157 521 1211 601; baseline -0.001 -21"><span class='ocrx_word' id='word_1_14' title='bbox 157 539 189 580; x_wconf 93' lang='lat' dir='ltr'>os</span> <span class='ocrx_word' id='word_1_15' title='bbox 212 521 312 580; x_wconf 92' lang='lat' dir='ltr'>triduo</span> <span class='ocrx_word' id='word_1_16' title='bbox 343 522 391 580; x_wconf 87' lang='lat' dir='ltr'>vel</span> <span class='ocrx_word' id='word_1_17' title='bbox 419 525 492 598; x_wconf 86' lang='lat' dir='ltr'>quot</span> <span class='ocrx_word' id='word_1_18' title='bbox 522 523 652 582; x_wconf 85' lang='lat' dir='ltr'>volueris</span> <span class='ocrx_word' id='word_1_19' title='bbox 680 524 785 583; x_wconf 88' lang='lat' dir='ltr'>diebus</span> <span class='ocrx_word' id='word_1_20' title='bbox 815 521 938 601; x_wconf 83' lang='lat' dir='ltr'>digeras</span> <span class='ocrx_word' id='word_1_21' title='bbox 979 521 1211 590; x_wconf 76' lang='lat' dir='ltr'>ltemaliudzl</span> 
     </span>
     <span class='ocr_line' id='line_1_4' title="bbox 156 610 1175 671; baseline 0.001 -2"><span class='ocrx_word' id='word_1_22' title='bbox 156 610 245 669; x_wconf 88' lang='lat' dir='ltr'>lentis</span> <span class='ocrx_word' id='word_1_23' title='bbox 264 610 484 670; x_wconf 74' lang='lat' dir='ltr'>Alexandrinae</span> <span class='ocrx_word' id='word_1_24' title='bbox 506 612 588 670; x_wconf 86' lang='lat' dir='ltr'>faeni</span> <span class='ocrx_word' id='word_1_25' title='bbox 607 610 713 671; x_wconf 85' lang='lat' dir='ltr'>Graeci</span> <span class='ocrx_word' id='word_1_26' title='bbox 735 614 791 670; x_wconf 90' lang='lat' dir='ltr'>lini</span> <span class='ocrx_word' id='word_1_27' title='bbox 814 614 935 670; x_wconf 88' lang='lat' dir='ltr'>seminis</span> <span class='ocrx_word' id='word_1_28' title='bbox 957 611 1092 670; x_wconf 88' lang='lat' dir='ltr'>heminas</span> <span class='ocrx_word' id='word_1_29' title='bbox 1116 615 1175 670; x_wconf 90' lang='lat' dir='ltr'>sin·</span> 
     </span>
     <span class='ocr_line' id='line_1_5' title="bbox 157 698 1175 777; baseline 0 -20"><span class='ocrx_word' id='word_1_30' title='bbox 157 700 242 776; x_wconf 84' lang='lat' dir='ltr'>gulas</span> <span class='ocrx_word' id='word_1_31' title='bbox 277 699 422 776; x_wconf 86' lang='lat' dir='ltr'>decoques</span> <span class='ocrx_word' id='word_1_32' title='bbox 462 701 609 777; x_wconf 88' lang='lat' dir='ltr'>addesque</span> <span class='ocrx_word' id='word_1_33' title='bbox 642 704 671 760; x_wconf 91' lang='lat' dir='ltr'>ei</span> <span class='ocrx_word' id='word_1_34' title='bbox 709 701 860 760; x_wconf 86' lang='lat' dir='ltr'>tracanthi</span> <span class='ocrx_word' id='word_1_35' title='bbox 894 718 960 759; x_wconf 92' lang='lat' dir='ltr'>unc.</span> <span class='ocrx_word' id='word_1_36' title='bbox 985 698 1001 757; x_wconf 97' lang='lat' dir='ltr'>I</span> <span class='ocrx_word' id='word_1_37' title='bbox 1026 718 1048 758; x_wconf 89' lang='lat' dir='ltr'>s.</span> <span class='ocrx_word' id='word_1_38' title='bbox 1078 699 1175 774; x_wconf 81' lang='lat' dir='ltr'>pridie</span> 
     </span>
     <span class='ocr_line' id='line_1_6' title="bbox 127 787 1263 867; baseline -0.002 -17"><span class='ocrx_word' id='word_1_39' title='bbox 127 787 188 850; x_wconf 80' lang='lat' dir='ltr'>ain</span> <span class='ocrx_word' id='word_1_40' title='bbox 206 787 309 863; x_wconf 84' lang='lat' dir='ltr'>tepida</span> <span class='ocrx_word' id='word_1_41' title='bbox 322 789 454 848; x_wconf 89' lang='lat' dir='ltr'>infundis</span> <span class='ocrx_word' id='word_1_42' title='bbox 470 792 499 848; x_wconf 90' lang='lat' dir='ltr'>et</span> <span class='ocrx_word' id='word_1_43' title='bbox 518 792 563 848; x_wconf 85' lang='lat' dir='ltr'>ari</span> <span class='ocrx_word' id='word_1_44' title='bbox 578 790 687 850; x_wconf 82' lang='lat' dir='ltr'>Gallici</span> <span class='ocrx_word' id='word_1_45' title='bbox 705 809 772 849; x_wconf 92' lang='lat' dir='ltr'>unc.</span> <span class='ocrx_word' id='word_1_46' title='bbox 786 790 833 847; x_wconf 91' lang='lat' dir='ltr'>HI</span> <span class='ocrx_word' id='word_1_47' title='bbox 851 789 1078 867; x_wconf 77' lang='lat' dir='ltr'>diligentissime</span> <span class='ocrx_word' id='word_1_48' title='bbox 1096 807 1174 848; x_wconf 86' lang='lat' dir='ltr'>reso·</span> <span class='ocrx_word' id='word_1_49' title='bbox 1260 807 1263 814; x_wconf 80' lang='grc'><strong>’</strong></span> 
     </span>
     <span class='ocr_line' id='line_1_7' title="bbox 113 877 1173 954; baseline 0.002 -20"><span class='ocrx_word' id='word_1_50' title='bbox 113 935 122 954; x_wconf 10' lang='grc'>,1</span> <span class='ocrx_word' id='word_1_51' title='bbox 156 877 249 951; x_wconf 88' lang='lat' dir='ltr'>lutas;</span> <span class='ocrx_word' id='word_1_52' title='bbox 280 897 357 952; x_wconf 88' lang='lat' dir='ltr'>quae</span> <span class='ocrx_word' id='word_1_53' title='bbox 380 897 448 937; x_wconf 88' lang='lat' dir='ltr'>cum</span> <span class='ocrx_word' id='word_1_54' title='bbox 470 881 571 938; x_wconf 86' lang='lat' dir='ltr'>omnia</span> <span class='ocrx_word' id='word_1_55' title='bbox 600 881 633 938; x_wconf 93' lang='lat' dir='ltr'>in</span> <span class='ocrx_word' id='word_1_56' title='bbox 656 881 801 938; x_wconf 86' lang='lat' dir='ltr'>mortario</span> <span class='ocrx_word' id='word_1_57' title='bbox 829 881 963 951; x_wconf 79' lang='lat' dir='ltr'>triveris,</span> <span class='ocrx_word' id='word_1_58' title='bbox 993 878 1025 936; x_wconf 91' lang='lat' dir='ltr'>in</span> <span class='ocrx_word' id='word_1_59' title='bbox 1049 877 1173 936; x_wconf 90' lang='lat' dir='ltr'>caccabo</span> 
     </span>
     <span class='ocr_line' id='line_1_8' title="bbox 155 966 1173 1044; baseline 0.001 -20"><span class='ocrx_word' id='word_1_60' title='bbox 155 985 233 1026; x_wconf 84' lang='lat' dir='ltr'>novo</span> <span class='ocrx_word' id='word_1_61' title='bbox 257 985 323 1026; x_wconf 89' lang='lat' dir='ltr'>cum</span> <span class='ocrx_word' id='word_1_62' title='bbox 351 968 446 1026; x_wconf 91' lang='lat' dir='ltr'>tribus</span> <span class='ocrx_word' id='word_1_63' title='bbox 470 987 565 1042; x_wconf 90' lang='lat' dir='ltr'>aquae</span> <span class='ocrx_word' id='word_1_64' title='bbox 593 971 730 1028; x_wconf 72' lang='lat' dir='ltr'>sextariis</span> <span class='ocrx_word' id='word_1_65' title='bbox 758 969 903 1044; x_wconf 89' lang='lat' dir='ltr'>decoques</span> <span class='ocrx_word' id='word_1_66' title='bbox 934 971 964 1026; x_wconf 90' lang='lat' dir='ltr'>ct</span> <span class='ocrx_word' id='word_1_67' title='bbox 987 966 1091 1025; x_wconf 84' lang='lat' dir='ltr'>exinde</span> <span class='ocrx_word' id='word_1_68' title='bbox 1115 969 1173 1025; x_wconf 90' lang='lat' dir='ltr'>ter-</span> 
     </span>
     <span class='ocr_line' id='line_1_9' title="bbox 155 1055 1172 1133; baseline 0.002 -20"><span class='ocrx_word' id='word_1_69' title='bbox 155 1057 231 1114; x_wconf 86' lang='lat' dir='ltr'>tiam</span> <span class='ocrx_word' id='word_1_70' title='bbox 260 1059 378 1131; x_wconf 87' lang='lat' dir='ltr'>partem</span> <span class='ocrx_word' id='word_1_71' title='bbox 408 1075 475 1115; x_wconf 90' lang='lat' dir='ltr'>cum</span> <span class='ocrx_word' id='word_1_72' title='bbox 504 1060 632 1116; x_wconf 89' lang='lat' dir='ltr'>sextario</span> <span class='ocrx_word' id='word_1_73' title='bbox 662 1059 745 1133; x_wconf 87' lang='lat' dir='ltr'>passi</span> <span class='ocrx_word' id='word_1_74' title='bbox 776 1057 912 1133; x_wconf 90' lang='lat' dir='ltr'>tepidum</span> <span class='ocrx_word' id='word_1_75' title='bbox 943 1075 997 1132; x_wconf 88' lang='lat' dir='ltr'>per</span> <span class='ocrx_word' id='word_1_76' title='bbox 1026 1075 1058 1115; x_wconf 92' lang='lat' dir='ltr'>os</span> <span class='ocrx_word' id='word_1_77' title='bbox 1089 1055 1172 1115; x_wconf 90' lang='lat' dir='ltr'>dabis</span> 
     </span>
     <span class='ocr_line' id='line_1_10' title="bbox 155 1143 1265 1224; baseline 0.002 -22"><span class='ocrx_word' id='word_1_78' title='bbox 155 1143 268 1202; x_wconf 86' lang='lat' dir='ltr'>triduo:</span> <span class='ocrx_word' id='word_1_79' title='bbox 298 1147 440 1204; x_wconf 90' lang='lat' dir='ltr'>continuo</span> <span class='ocrx_word' id='word_1_80' title='bbox 468 1148 607 1224; x_wconf 84' lang='lat' dir='ltr'>stagnare</span> <span class='ocrx_word' id='word_1_81' title='bbox 635 1147 766 1206; x_wconf 85' lang='lat' dir='ltr'>creditur</span> <span class='ocrx_word' id='word_1_82' title='bbox 792 1146 901 1206; x_wconf 83' lang='lat' dir='ltr'>vulsos.</span> <span class='ocrx_word' id='word_1_83' title='bbox 949 1145 981 1204; x_wconf 82' lang='lat' dir='ltr'>Si</span> <span class='ocrx_word' id='word_1_84' title='bbox 1003 1145 1206 1204; x_wconf 87' lang='lat' dir='ltr'>iumentum5</span> <span class='ocrx_word' id='word_1_85' title='bbox 1241 1151 1265 1224; x_wconf 65' lang='lat' dir='ltr'><em>f</em></span> 
     </span>
     <span class='ocr_line' id='line_1_11' title="bbox 114 1233 1173 1313; baseline -0.003 -20"><span class='ocrx_word' id='word_1_86' title='bbox 114 1253 142 1294; x_wconf 80' lang='lat' dir='ltr'>ro</span> <span class='ocrx_word' id='word_1_87' title='bbox 156 1251 191 1290; x_wconf 84' lang='lat' dir='ltr'>ex</span> <span class='ocrx_word' id='word_1_88' title='bbox 213 1233 387 1292; x_wconf 85' lang='lat' dir='ltr'>vulneribus</span> <span class='ocrx_word' id='word_1_89' title='bbox 401 1235 542 1310; x_wconf 69' lang='lat' dir='ltr'>vfaucium</span> <span class='ocrx_word' id='word_1_90' title='bbox 560 1237 651 1294; x_wconf 89' lang='lat' dir='ltr'>tussis</span> <span class='ocrx_word' id='word_1_91' title='bbox 674 1235 801 1313; x_wconf 83' lang='lat' dir='ltr'>urgebit,</span> <span class='ocrx_word' id='word_1_92' title='bbox 824 1235 877 1294; x_wconf 91' lang='lat' dir='ltr'>iris</span> <span class='ocrx_word' id='word_1_93' title='bbox 900 1235 1039 1310; x_wconf 79' lang='lat' dir='ltr'>illyricae</span> <span class='ocrx_word' id='word_1_94' title='bbox 1063 1253 1128 1292; x_wconf 89' lang='lat' dir='ltr'>nnc.</span> <span class='ocrx_word' id='word_1_95' title='bbox 1149 1233 1173 1306; x_wconf 94' lang='lat' dir='ltr'>l,</span> 
     </span>
     <span class='ocr_line' id='line_1_12' title="bbox 154 1321 1172 1400; baseline 0.003 -22"><span class='ocrx_word' id='word_1_96' title='bbox 154 1321 267 1396; x_wconf 88' lang='lat' dir='ltr'>piperis</span> <span class='ocrx_word' id='word_1_97' title='bbox 281 1323 361 1400; x_wconf 81' lang='lat' dir='ltr'>nigri</span> <span class='ocrx_word' id='word_1_98' title='bbox 375 1341 512 1397; x_wconf 81' lang='lat' dir='ltr'>semunc,</span> <span class='ocrx_word' id='word_1_99' title='bbox 527 1326 606 1384; x_wconf 92' lang='lat' dir='ltr'>croci</span> <span class='ocrx_word' id='word_1_100' title='bbox 619 1343 714 1400; x_wconf 91' lang='lat' dir='ltr'>scrup.</span> <span class='ocrx_word' id='word_1_101' title='bbox 725 1325 749 1398; x_wconf 91' lang='lat' dir='ltr'>I,</span> <span class='ocrx_word' id='word_1_102' title='bbox 763 1342 882 1382; x_wconf 87' lang='lat' dir='ltr'>murrae</span> <span class='ocrx_word' id='word_1_103' title='bbox 892 1324 1024 1400; x_wconf 85' lang='lat' dir='ltr'>troglitis</span> <span class='ocrx_word' id='word_1_104' title='bbox 1035 1341 1172 1395; x_wconf 78' lang='lat' dir='ltr'>somnne,</span> 
     </span>
     <span class='ocr_line' id='line_1_13' title="bbox 155 1411 1172 1489; baseline 0.001 -21"><span class='ocrx_word' id='word_1_105' title='bbox 155 1411 231 1468; x_wconf 87' lang='lat' dir='ltr'>turis</span> <span class='ocrx_word' id='word_1_106' title='bbox 268 1411 391 1486; x_wconf 88' lang='lat' dir='ltr'>pollinis</span> <span class='ocrx_word' id='word_1_107' title='bbox 429 1431 566 1487; x_wconf 83' lang='lat' dir='ltr'>semuno,</span> <span class='ocrx_word' id='word_1_108' title='bbox 599 1415 750 1472; x_wconf 86' lang='lat' dir='ltr'>tracanthi</span> <span class='ocrx_word' id='word_1_109' title='bbox 791 1415 873 1489; x_wconf 88' lang='lat' dir='ltr'>prius</span> <span class='ocrx_word' id='word_1_110' title='bbox 910 1413 1002 1471; x_wconf 84' lang='lat' dir='ltr'>infusi</span> <span class='ocrx_word' id='word_1_111' title='bbox 1040 1415 1069 1470; x_wconf 88' lang='lat' dir='ltr'>et</span> <span class='ocrx_word' id='word_1_112' title='bbox 1105 1413 1172 1470; x_wconf 82' lang='lat' dir='ltr'>triti</span> 
     </span>
     <span class='ocr_line' id='line_1_14' title="bbox 154 1499 1172 1578; baseline 0.002 -22"><span class='ocrx_word' id='word_1_113' title='bbox 154 1499 263 1574; x_wconf 80' lang='lat' dir='ltr'>unul,</span> <span class='ocrx_word' id='word_1_114' title='bbox 286 1518 343 1559; x_wconf 85' lang='lat' dir='ltr'>ova</span> <span class='ocrx_word' id='word_1_115' title='bbox 362 1501 390 1557; x_wconf 87' lang='lat' dir='ltr'>V</span> <span class='ocrx_word' id='word_1_116' title='bbox 414 1521 482 1560; x_wconf 90' lang='lat' dir='ltr'>cum</span> <span class='ocrx_word' id='word_1_117' title='bbox 504 1503 585 1578; x_wconf 90' lang='lat' dir='ltr'>passi</span> <span class='ocrx_word' id='word_1_118' title='bbox 604 1505 732 1562; x_wconf 86' lang='lat' dir='ltr'>sextario</span> <span class='ocrx_word' id='word_1_119' title='bbox 752 1504 924 1562; x_wconf 87' lang='lat' dir='ltr'>commisces</span> <span class='ocrx_word' id='word_1_120' title='bbox 947 1504 977 1560; x_wconf 92' lang='lat' dir='ltr'>et</span> <span class='ocrx_word' id='word_1_121' title='bbox 995 1500 1096 1560; x_wconf 87' lang='lat' dir='ltr'>triduo</span> <span class='ocrx_word' id='word_1_122' title='bbox 1119 1520 1172 1576; x_wconf 90' lang='lat' dir='ltr'>per</span> 
     </span>
     <span class='ocr_line' id='line_1_15' title="bbox 154 1588 1171 1668; baseline 0.002 -22"><span class='ocrx_word' id='word_1_123' title='bbox 154 1588 254 1647; x_wconf 78' lang='lat' dir='ltr'>furaces</span> <span class='ocrx_word' id='word_1_124' title='bbox 278 1589 393 1667; x_wconf 84' lang='lat' dir='ltr'>digeres</span> <span class='ocrx_word' id='word_1_125' title='bbox 417 1590 457 1648; x_wconf 88' lang='lat' dir='ltr'>ad</span> <span class='ocrx_word' id='word_1_126' title='bbox 478 1609 577 1650; x_wconf 90' lang='lat' dir='ltr'>cornu.</span> <span class='ocrx_word' id='word_1_127' title='bbox 624 1591 696 1651; x_wconf 91' lang='lat' dir='ltr'>Post</span> <span class='ocrx_word' id='word_1_128' title='bbox 718 1592 790 1666; x_wconf 90' lang='lat' dir='ltr'>mel,</span> <span class='ocrx_word' id='word_1_129' title='bbox 818 1591 972 1666; x_wconf 86' lang='lat' dir='ltr'>butyrum,</span> <span class='ocrx_word' id='word_1_130' title='bbox 1001 1591 1171 1668; x_wconf 84' lang='lat' dir='ltr'>axungiam,</span> 
     </span>
     <span class='ocr_line' id='line_1_16' title="bbox 112 1677 1243 1756; baseline 0 -18"><span class='ocrx_word' id='word_1_131' title='bbox 112 1697 139 1738; x_wconf 81' lang='lat' dir='ltr'>rs</span> <span class='ocrx_word' id='word_1_132' title='bbox 155 1677 248 1736; x_wconf 87' lang='lat' dir='ltr'>salem</span> <span class='ocrx_word' id='word_1_133' title='bbox 272 1681 301 1738; x_wconf 89' lang='lat' dir='ltr'>et</span> <span class='ocrx_word' id='word_1_134' title='bbox 323 1679 456 1755; x_wconf 90' lang='lat' dir='ltr'>piculam</span> <span class='ocrx_word' id='word_1_135' title='bbox 479 1683 664 1756; x_wconf 78' lang='lat' dir='ltr'>commisces,</span> <span class='ocrx_word' id='word_1_136' title='bbox 692 1681 766 1740; x_wconf 85' lang='lat' dir='ltr'>offas</span> <span class='ocrx_word' id='word_1_137' title='bbox 788 1681 879 1740; x_wconf 80' lang='lat' dir='ltr'>iacies</span> <span class='ocrx_word' id='word_1_138' title='bbox 909 1685 939 1738; x_wconf 91' lang='lat' dir='ltr'>et</span> <span class='ocrx_word' id='word_1_139' title='bbox 961 1683 993 1738; x_wconf 92' lang='lat' dir='ltr'>in</span> <span class='ocrx_word' id='word_1_140' title='bbox 1016 1697 1105 1755; x_wconf 87' lang='lat' dir='ltr'>passo</span> <span class='ocrx_word' id='word_1_141' title='bbox 1127 1682 1171 1738; x_wconf 87' lang='lat' dir='ltr'>in-</span> <span class='ocrx_word' id='word_1_142' title='bbox 1242 1707 1243 1710; x_wconf 37' lang='lat'>¹</span> 
     </span>
    </p>
   </div>
   <div class='ocr_carea' id='block_1_3' title="bbox 5 1767 1206 1848">
    <p class='ocr_par' dir='ltr' id='par_1_3' title="bbox 5 1767 1206 1848">
     <span class='ocr_line' id='line_1_17' title="bbox 5 1767 1206 1848; baseline 0.003 -23"><span class='ocrx_word' id='word_1_143' title='bbox 5 1833 10 1848; x_wconf 58' lang='lat'>,</span> <span class='ocrx_word' id='word_1_144' title='bbox 114 1823 116 1834; x_wconf 84' lang='grc'>,</span> <span class='ocrx_word' id='word_1_145' title='bbox 153 1769 263 1826; x_wconf 89' lang='lat' dir='ltr'>tinctas</span> <span class='ocrx_word' id='word_1_146' title='bbox 295 1768 420 1847; x_wconf 87' lang='lat' dir='ltr'>digeras.</span> <span class='ocrx_word' id='word_1_147' title='bbox 474 1767 507 1828; x_wconf 80' lang='lat' dir='ltr'>Si</span> <span class='ocrx_word' id='word_1_148' title='bbox 537 1771 574 1829; x_wconf 93' lang='lat' dir='ltr'>ab</span> <span class='ocrx_word' id='word_1_149' title='bbox 604 1772 730 1830; x_wconf 89' lang='lat' dir='ltr'>internis</span> <span class='ocrx_word' id='word_1_150' title='bbox 764 1771 912 1844; x_wconf 88' lang='lat' dir='ltr'>tussierit,</span> <span class='ocrx_word' id='word_1_151' title='bbox 942 1771 1007 1829; x_wconf 88' lang='lat' dir='ltr'>suci</span> <span class='ocrx_word' id='word_1_152' title='bbox 1034 1771 1206 1845; x_wconf 86' lang='lat' dir='ltr'>ptisanaeii</span> 
     </span>
    </p>
   </div>
   <div class='ocr_carea' id='block_1_4' title="bbox 110 1855 1280 2649">
    <p class='ocr_par' dir='ltr' id='par_1_4' title="bbox 110 1855 1280 2649">
     <span class='ocr_line' id='line_1_18' title="bbox 152 1855 1171 1935; baseline 0.006 -22"><span class='ocrx_word' id='word_1_153' title='bbox 152 1855 313 1932; x_wconf 86' lang='lat' dir='ltr'>heminam,</span> <span class='ocrx_word' id='word_1_154' title='bbox 336 1858 448 1918; x_wconf 83' lang='lat' dir='ltr'>defruti</span> <span class='ocrx_word' id='word_1_155' title='bbox 470 1860 612 1935; x_wconf 81' lang='lat' dir='ltr'>cyathum</span> <span class='ocrx_word' id='word_1_156' title='bbox 634 1859 772 1918; x_wconf 89' lang='lat' dir='ltr'>miscebis</span> <span class='ocrx_word' id='word_1_157' title='bbox 795 1862 825 1918; x_wconf 89' lang='lat' dir='ltr'>et</span> <span class='ocrx_word' id='word_1_158' title='bbox 848 1857 1056 1934; x_wconf 88' lang='lat' dir='ltr'>pertriduum</span> <span class='ocrx_word' id='word_1_159' title='bbox 1079 1858 1171 1919; x_wconf 86' lang='lat' dir='ltr'>dabis.</span> 
     </span>
     <span class='ocr_line' id='line_1_19' title="bbox 152 1943 1171 2023; baseline 0.004 -21"><span class='ocrx_word' id='word_1_160' title='bbox 152 1943 188 2002; x_wconf 81' lang='lat' dir='ltr'>Si</span> <span class='ocrx_word' id='word_1_161' title='bbox 210 1948 332 2022; x_wconf 83' lang='lat' dir='ltr'>gravius</span> <span class='ocrx_word' id='word_1_162' title='bbox 355 1949 491 2006; x_wconf 90' lang='lat' dir='ltr'>tussierit</span> <span class='ocrx_word' id='word_1_163' title='bbox 514 1949 635 2023; x_wconf 87' lang='lat' dir='ltr'>animal,</span> <span class='ocrx_word' id='word_1_164' title='bbox 658 1948 745 2008; x_wconf 87' lang='lat' dir='ltr'>fabae</span> <span class='ocrx_word' id='word_1_165' title='bbox 764 1950 859 2008; x_wconf 85' lang='lat' dir='ltr'>fresae</span> <span class='ocrx_word' id='word_1_166' title='bbox 879 1951 908 2005; x_wconf 90' lang='lat' dir='ltr'>et</span> <span class='ocrx_word' id='word_1_167' title='bbox 932 1950 1033 2007; x_wconf 90' lang='lat' dir='ltr'>coctae</span> <span class='ocrx_word' id='word_1_168' title='bbox 1056 1952 1128 2006; x_wconf 87' lang='lat' dir='ltr'>sext.</span> <span class='ocrx_word' id='word_1_169' title='bbox 1148 1948 1171 2021; x_wconf 91' lang='lat' dir='ltr'>I,</span> 
     </span>
     <span class='ocr_line' id='line_1_20' title="bbox 152 2034 1171 2112; baseline 0.004 -20"><span class='ocrx_word' id='word_1_170' title='bbox 152 2035 217 2092; x_wconf 84' lang='lat' dir='ltr'>sevi</span> <span class='ocrx_word' id='word_1_171' title='bbox 246 2034 355 2094; x_wconf 88' lang='lat' dir='ltr'>hircini</span> <span class='ocrx_word' id='word_1_172' title='bbox 384 2055 449 2094; x_wconf 89' lang='lat' dir='ltr'>uno.</span> <span class='ocrx_word' id='word_1_173' title='bbox 469 2034 523 2111; x_wconf 92' lang='grc' dir='ltr'>ΙΠ,</span> <span class='ocrx_word' id='word_1_174' title='bbox 547 2038 601 2095; x_wconf 91' lang='lat' dir='ltr'>alii</span> <span class='ocrx_word' id='word_1_175' title='bbox 631 2039 731 2112; x_wconf 87' lang='lat' dir='ltr'>capita</span> <span class='ocrx_word' id='word_1_176' title='bbox 753 2037 799 2096; x_wconf 83' lang='grc' dir='ltr'>ΠΙ</span> <span class='ocrx_word' id='word_1_177' title='bbox 827 2037 940 2112; x_wconf 87' lang='lat' dir='ltr'>pariter</span> <span class='ocrx_word' id='word_1_178' title='bbox 969 2037 1115 2112; x_wconf 90' lang='lat' dir='ltr'>decoques</span> <span class='ocrx_word' id='word_1_179' title='bbox 1141 2041 1171 2096; x_wconf 92' lang='lat' dir='ltr'>et</span> 
     </span>
     <span class='ocr_line' id='line_1_21' title="bbox 111 2122 1204 2202; baseline 0.002 -20"><span class='ocrx_word' id='word_1_180' title='bbox 111 2139 139 2182; x_wconf 77' lang='lat' dir='ltr'>ao</span> <span class='ocrx_word' id='word_1_181' title='bbox 153 2122 185 2178; x_wconf 94' lang='lat' dir='ltr'>in</span> <span class='ocrx_word' id='word_1_182' title='bbox 207 2125 351 2182; x_wconf 85' lang='lat' dir='ltr'>mortario</span> <span class='ocrx_word' id='word_1_183' title='bbox 380 2127 512 2183; x_wconf 88' lang='lat' dir='ltr'>conteres</span> <span class='ocrx_word' id='word_1_184' title='bbox 543 2128 573 2184; x_wconf 89' lang='lat' dir='ltr'>et</span> <span class='ocrx_word' id='word_1_185' title='bbox 603 2143 670 2184; x_wconf 89' lang='lat' dir='ltr'>cum</span> <span class='ocrx_word' id='word_1_186' title='bbox 695 2145 783 2202; x_wconf 89' lang='lat' dir='ltr'>passo</span> <span class='ocrx_word' id='word_1_187' title='bbox 811 2125 904 2184; x_wconf 87' lang='lat' dir='ltr'>dabis.</span> <span class='ocrx_word' id='word_1_188' title='bbox 952 2123 1044 2184; x_wconf 86' lang='lat' dir='ltr'>Curat</span> <span class='ocrx_word' id='word_1_189' title='bbox 1071 2128 1204 2184; x_wconf 67' lang='lat' dir='ltr'>autem?</span> 
     </span>
     <span class='ocr_line' id='line_1_22' title="bbox 136 2209 1171 2288; baseline 0.006 -21"><span class='ocrx_word' id='word_1_190' title='bbox 136 2209 254 2282; x_wconf 21' lang='lat' dir='ltr'>,vulsos</span> <span class='ocrx_word' id='word_1_191' title='bbox 283 2214 313 2270; x_wconf 89' lang='lat' dir='ltr'>et</span> <span class='ocrx_word' id='word_1_192' title='bbox 335 2215 453 2288; x_wconf 86' lang='lat' dir='ltr'>ruptos:</span> <span class='ocrx_word' id='word_1_193' title='bbox 481 2213 562 2272; x_wconf 86' lang='lat' dir='ltr'>faeni</span> <span class='ocrx_word' id='word_1_194' title='bbox 585 2212 692 2274; x_wconf 83' lang='lat' dir='ltr'>Graeci</span> <span class='ocrx_word' id='word_1_195' title='bbox 715 2217 786 2274; x_wconf 90' lang='lat' dir='ltr'>sext.</span> <span class='ocrx_word' id='word_1_196' title='bbox 805 2215 821 2272; x_wconf 94' lang='lat' dir='ltr'>I</span> <span class='ocrx_word' id='word_1_197' title='bbox 844 2233 911 2273; x_wconf 91' lang='lat' dir='ltr'>cum</span> <span class='ocrx_word' id='word_1_198' title='bbox 934 2215 988 2272; x_wconf 89' lang='lat' dir='ltr'>XX</span> <span class='ocrx_word' id='word_1_199' title='bbox 1012 2215 1117 2274; x_wconf 87' lang='lat' dir='ltr'>caricis</span> <span class='ocrx_word' id='word_1_200' title='bbox 1141 2218 1171 2274; x_wconf 91' lang='lat' dir='ltr'>ot</span> 
     </span>
     <span class='ocr_line' id='line_1_23' title="bbox 152 2299 1171 2380; baseline 0.006 -24"><span class='ocrx_word' id='word_1_201' title='bbox 152 2299 329 2358; x_wconf 85' lang='lat' dir='ltr'>fasciculum</span> <span class='ocrx_word' id='word_1_202' title='bbox 356 2303 420 2376; x_wconf 89' lang='lat' dir='ltr'>apii</span> <span class='ocrx_word' id='word_1_203' title='bbox 446 2304 477 2360; x_wconf 91' lang='lat' dir='ltr'>et</span> <span class='ocrx_word' id='word_1_204' title='bbox 500 2303 674 2362; x_wconf 81' lang='lat' dir='ltr'>fasciculum</span> <span class='ocrx_word' id='word_1_205' title='bbox 700 2307 786 2362; x_wconf 88' lang='lat' dir='ltr'>rutae</span> <span class='ocrx_word' id='word_1_206' title='bbox 814 2306 846 2362; x_wconf 89' lang='lat' dir='ltr'>in</span> <span class='ocrx_word' id='word_1_207' title='bbox 876 2322 955 2380; x_wconf 86' lang='lat' dir='ltr'>aqua</span> <span class='ocrx_word' id='word_1_208' title='bbox 978 2303 1017 2361; x_wconf 88' lang='lat' dir='ltr'>ad</span> <span class='ocrx_word' id='word_1_209' title='bbox 1039 2303 1171 2362; x_wconf 88' lang='lat' dir='ltr'>modium</span> 
     </span>
     <span class='ocr_line' id='line_1_24' title="bbox 153 2387 1280 2468; baseline 0.005 -22"><span class='ocrx_word' id='word_1_210' title='bbox 153 2387 312 2465; x_wconf 88' lang='lat' dir='ltr'>decoques,</span> <span class='ocrx_word' id='word_1_211' title='bbox 342 2392 386 2460; x_wconf 85' lang='lat' dir='ltr'>ita</span> <span class='ocrx_word' id='word_1_212' title='bbox 409 2393 443 2448; x_wconf 93' lang='lat' dir='ltr'>ut</span> <span class='ocrx_word' id='word_1_213' title='bbox 465 2391 654 2467; x_wconf 88' lang='lat' dir='ltr'>postmodum</span> <span class='ocrx_word' id='word_1_214' title='bbox 685 2393 837 2452; x_wconf 88' lang='lat' dir='ltr'>tracanthi</span> <span class='ocrx_word' id='word_1_215' title='bbox 864 2394 958 2451; x_wconf 91' lang='lat' dir='ltr'>soluti</span> <span class='ocrx_word' id='word_1_216' title='bbox 985 2411 1050 2450; x_wconf 92' lang='lat' dir='ltr'>unc.</span> <span class='ocrx_word' id='word_1_217' title='bbox 1070 2392 1117 2450; x_wconf 92' lang='lat' dir='ltr'>III</span> <span class='ocrx_word' id='word_1_218' title='bbox 1140 2396 1170 2452; x_wconf 91' lang='lat' dir='ltr'>ct</span> <span class='ocrx_word' id='word_1_219' title='bbox 1278 2465 1280 2468; x_wconf 80' lang='lat'>.</span> 
     </span>
     <span class='ocr_line' id='line_1_25' title="bbox 153 2477 1174 2556; baseline 0.004 -20"><span class='ocrx_word' id='word_1_220' title='bbox 153 2477 315 2556; x_wconf 85' lang='lat' dir='ltr'>anagallici</span> <span class='ocrx_word' id='word_1_221' title='bbox 343 2481 460 2538; x_wconf 89' lang='lat' dir='ltr'>contusi</span> <span class='ocrx_word' id='word_1_222' title='bbox 488 2483 548 2540; x_wconf 88' lang='lat' dir='ltr'>tres</span> <span class='ocrx_word' id='word_1_223' title='bbox 572 2489 603 2539; x_wconf 91' lang='lat' dir='ltr'>et</span> <span class='ocrx_word' id='word_1_224' title='bbox 632 2482 687 2539; x_wconf 91' lang='lat' dir='ltr'>alii</span> <span class='ocrx_word' id='word_1_225' title='bbox 714 2485 831 2540; x_wconf 90' lang='lat' dir='ltr'>contusi</span> <span class='ocrx_word' id='word_1_226' title='bbox 860 2485 921 2540; x_wconf 87' lang='lat' dir='ltr'>tres</span> <span class='ocrx_word' id='word_1_227' title='bbox 950 2481 1026 2539; x_wconf 88' lang='lat' dir='ltr'>aliae</span> <span class='ocrx_word' id='word_1_228' title='bbox 1057 2483 1174 2556; x_wconf 88' lang='lat' dir='ltr'>pariter.</span> 
     </span>
     <span class='ocr_line' id='line_1_26' title="bbox 110 2566 1169 2649; baseline 0 -21"><span class='ocrx_word' id='word_1_229' title='bbox 110 2586 137 2628; x_wconf 77' lang='lat' dir='ltr'>aa</span> <span class='ocrx_word' id='word_1_230' title='bbox 153 2566 309 2643; x_wconf 88' lang='lat' dir='ltr'>addantur,</span> <span class='ocrx_word' id='word_1_231' title='bbox 329 2571 363 2627; x_wconf 86' lang='lat' dir='ltr'>et</span> <span class='ocrx_word' id='word_1_232' title='bbox 385 2571 486 2628; x_wconf 89' lang='lat' dir='ltr'>omnia</span> <span class='ocrx_word' id='word_1_233' title='bbox 509 2573 708 2645; x_wconf 90' lang='lat' dir='ltr'>conterantur,</span> <span class='ocrx_word' id='word_1_234' title='bbox 733 2571 831 2629; x_wconf 84' lang='lat' dir='ltr'>offulis</span> <span class='ocrx_word' id='word_1_235' title='bbox 851 2570 888 2629; x_wconf 89' lang='lat' dir='ltr'>ad</span> <span class='ocrx_word' id='word_1_236' title='bbox 911 2570 995 2628; x_wconf 88' lang='lat' dir='ltr'>nucis</span> <span class='ocrx_word' id='word_1_237' title='bbox 1018 2573 1169 2649; x_wconf 86' lang='lat' dir='ltr'>magnitu-</span> 
     </span>
    </p>
   </div>
   <div class='ocr_carea' id='block_1_5' title="bbox 223 2825 1101 2899">
    <p class='ocr_par' dir='ltr' id='par_1_5' title="bbox 223 2825 1101 2899">
     <span class='ocr_line' id='line_1_27' title="bbox 223 2825 1101 2899; baseline 0.001 -19"><span class='ocrx_word' id='word_1_238' title='bbox 223 2831 238 2880; x_wconf 84' lang='lat'>9</span> <span class='ocrx_word' id='word_1_239' title='bbox 259 2826 293 2880; x_wconf 83' lang='lat' dir='ltr'>cf.</span> <span class='ocrx_word' id='word_1_240' title='bbox 308 2825 378 2897; x_wconf 86' lang='lat' dir='ltr'>Veg.</span> <span class='ocrx_word' id='word_1_241' title='bbox 392 2827 405 2880; x_wconf 94' lang='lat' dir='ltr'>I</span> <span class='ocrx_word' id='word_1_242' title='bbox 421 2835 462 2895; x_wconf 91' lang='grc'>11,</span> <span class='ocrx_word' id='word_1_243' title='bbox 479 2834 494 2880; x_wconf 88' lang='grc'>6</span> <span class='ocrx_word' id='word_1_244' title='bbox 514 2829 582 2898; x_wconf 87' lang='lat' dir='ltr'>(Pel.</span> <span class='ocrx_word' id='word_1_245' title='bbox 598 2845 620 2883; x_wconf 88' lang='lat' dir='ltr'>c.</span> <span class='ocrx_word' id='word_1_246' title='bbox 637 2833 706 2898; x_wconf 75' lang='lat'>207).</span> <span class='ocrx_word' id='word_1_247' title='bbox 783 2834 815 2882; x_wconf 86' lang='lat'>18</span> <span class='ocrx_word' id='word_1_248' title='bbox 835 2828 869 2883; x_wconf 88' lang='lat' dir='ltr'>cf.</span> <span class='ocrx_word' id='word_1_249' title='bbox 886 2827 955 2899; x_wconf 86' lang='lat' dir='ltr'>Veg.</span> <span class='ocrx_word' id='word_1_250' title='bbox 970 2827 983 2881; x_wconf 86' lang='lat'>1</span> <span class='ocrx_word' id='word_1_251' title='bbox 1003 2835 1044 2896; x_wconf 92' lang='lat'>11,</span> <span class='ocrx_word' id='word_1_252' title='bbox 1061 2835 1101 2882; x_wconf 86' lang='lat'>10.</span> 
     </span>
    </p>
   </div>
   <div class='ocr_carea' id='block_1_6' title="bbox 146 3076 1166 3718">
    <p class='ocr_par' dir='ltr' id='par_1_6' title="bbox 146 3076 1166 3718">
     <span class='ocr_line' id='line_1_28' title="bbox 223 3076 1166 3150; baseline 0.003 -21"><span class='ocrx_word' id='word_1_253' title='bbox 223 3076 363 3147; x_wconf 75' lang='lat' dir='ltr'>idiriges</span> <span class='ocrx_word' id='word_1_254' title='bbox 379 3077 405 3132; x_wconf 74' lang='lat' dir='ltr'><strong><em>G</em></strong></span> <span class='ocrx_word' id='word_1_255' title='bbox 421 3078 425 3149; x_wconf 96' lang='grc'>1</span> <span class='ocrx_word' id='word_1_256' title='bbox 442 3077 609 3147; x_wconf 69' lang='lat' dir='ltr'>ahardpr.</span> <span class='ocrx_word' id='word_1_257' title='bbox 624 3082 664 3147; x_wconf 89' lang='grc'>114</span> <span class='ocrx_word' id='word_1_258' title='bbox 679 3079 754 3150; x_wconf 84' lang='lat' dir='ltr'>anig.</span> <span class='ocrx_word' id='word_1_259' title='bbox 769 3078 818 3148; x_wconf 64' lang='grc'>1111</span> <span class='ocrx_word' id='word_1_260' title='bbox 833 3083 849 3132; x_wconf 85' lang='grc'>6</span> <span class='ocrx_word' id='word_1_261' title='bbox 864 3078 1092 3149; x_wconf 71' lang='lat' dir='ltr'>cribravcrisLll</span> <span class='ocrx_word' id='word_1_262' title='bbox 1108 3084 1122 3131; x_wconf 85' lang='grc'><strong>7</strong></span> <span class='ocrx_word' id='word_1_263' title='bbox 1137 3082 1166 3134; x_wconf 89' lang='lat' dir='ltr'>et</span> 
     </span>
     <span class='ocr_line' id='line_1_29' title="bbox 149 3147 1164 3218; baseline 0.004 -18"><span class='ocrx_word' id='word_1_264' title='bbox 149 3163 200 3201; x_wconf 88' lang='lat' dir='ltr'>om.</span> <span class='ocrx_word' id='word_1_265' title='bbox 216 3147 256 3200; x_wconf 84' lang='lat' dir='ltr'>ed.</span> <span class='ocrx_word' id='word_1_266' title='bbox 268 3165 311 3216; x_wconf 85' lang='lat' dir='ltr'>pr.</span> <span class='ocrx_word' id='word_1_267' title='bbox 344 3151 353 3218; x_wconf 93' lang='grc'>11</span> <span class='ocrx_word' id='word_1_268' title='bbox 385 3155 521 3204; x_wconf 72' lang='lat' dir='ltr'>asanare</span> <span class='ocrx_word' id='word_1_269' title='bbox 539 3152 579 3204; x_wconf 81' lang='lat' dir='ltr'>cd.</span> <span class='ocrx_word' id='word_1_270' title='bbox 595 3168 639 3218; x_wconf 80' lang='lat' dir='ltr'>pr.</span> <span class='ocrx_word' id='word_1_271' title='bbox 659 3149 754 3203; x_wconf 82' lang='lat' dir='ltr'>vulsus</span> <span class='ocrx_word' id='word_1_272' title='bbox 773 3168 807 3205; x_wconf 84' lang='lat' dir='ltr'>cor</span> <span class='ocrx_word' id='word_1_273' title='bbox 825 3166 867 3203; x_wconf 90' lang='lat' dir='ltr'>-os</span> <span class='ocrx_word' id='word_1_274' title='bbox 882 3149 909 3202; x_wconf 90' lang='lat' dir='ltr'><strong><em>L</em></strong></span> <span class='ocrx_word' id='word_1_275' title='bbox 941 3151 950 3218; x_wconf 94' lang='grc'>11</span> <span class='ocrx_word' id='word_1_276' title='bbox 984 3155 1017 3203; x_wconf 84' lang='lat'>10</span> <span class='ocrx_word' id='word_1_277' title='bbox 1035 3149 1164 3210; x_wconf 87' lang='lat' dir='ltr'>faucibus</span> 
     </span>
     <span class='ocr_line' id='line_1_30' title="bbox 149 3217 1166 3296; baseline 0.007 -26"><span class='ocrx_word' id='word_1_278' title='bbox 149 3217 176 3270; x_wconf 87' lang='lat' dir='ltr'><strong><em>L</em></strong></span> <span class='ocrx_word' id='word_1_279' title='bbox 208 3221 217 3286; x_wconf 94' lang='grc'>11</span> <span class='ocrx_word' id='word_1_280' title='bbox 251 3224 282 3272; x_wconf 93' lang='grc'>11</span> <span class='ocrx_word' id='word_1_281' title='bbox 303 3219 411 3274; x_wconf 88' lang='lat' dir='ltr'>succari</span> <span class='ocrx_word' id='word_1_282' title='bbox 429 3221 568 3290; x_wconf 70' lang='lat' dir='ltr'>culpari</span> <span class='ocrx_word' id='word_1_283' title='bbox 606 3224 611 3290; x_wconf 94' lang='grc'>1</span> <span class='ocrx_word' id='word_1_284' title='bbox 649 3221 773 3290; x_wconf 89' lang='lat' dir='ltr'>troglitis</span> <span class='ocrx_word' id='word_1_285' title='bbox 791 3237 857 3275; x_wconf 89' lang='lat' dir='ltr'>sem.</span> <span class='ocrx_word' id='word_1_286' title='bbox 877 3221 897 3274; x_wconf 92' lang='lat' dir='ltr'>t.</span> <span class='ocrx_word' id='word_1_287' title='bbox 916 3239 943 3290; x_wconf 94' lang='lat' dir='ltr'>p.</span> <span class='ocrx_word' id='word_1_288' title='bbox 964 3224 1137 3277; x_wconf 85' lang='lat' dir='ltr'>sem.om.A</span> <span class='ocrx_word' id='word_1_289' title='bbox 1155 3221 1166 3296; x_wconf 95' lang='grc'>11</span> 
     </span>
     <span class='ocr_line' id='line_1_31' title="bbox 151 3289 1162 3363; baseline 0.006 -22"><span class='ocrx_word' id='word_1_290' title='bbox 151 3294 183 3342; x_wconf 84' lang='grc'>15</span> <span class='ocrx_word' id='word_1_291' title='bbox 204 3289 277 3343; x_wconf 84' lang='lat' dir='ltr'>sales</span> <span class='ocrx_word' id='word_1_292' title='bbox 296 3291 323 3343; x_wconf 91' lang='lat' dir='ltr'><strong><em>L</em></strong></span> <span class='ocrx_word' id='word_1_293' title='bbox 337 3309 357 3345; x_wconf 89' lang='lat' dir='ltr'>s.</span> <span class='ocrx_word' id='word_1_294' title='bbox 371 3292 421 3344; x_wconf 88' lang='lat' dir='ltr'>sed</span> <span class='ocrx_word' id='word_1_295' title='bbox 439 3307 490 3361; x_wconf 91' lang='lat' dir='ltr'>per</span> <span class='ocrx_word' id='word_1_296' title='bbox 503 3291 557 3361; x_wconf 90' lang='lat' dir='ltr'>pie.</span> <span class='ocrx_word' id='word_1_297' title='bbox 573 3308 642 3346; x_wconf 91' lang='lat' dir='ltr'>com.</span> <span class='ocrx_word' id='word_1_298' title='bbox 658 3295 687 3347; x_wconf 91' lang='lat' dir='ltr'>et</span> <span class='ocrx_word' id='word_1_299' title='bbox 705 3292 891 3361; x_wconf 88' lang='lat' dir='ltr'>pertriduum</span> <span class='ocrx_word' id='word_1_300' title='bbox 912 3292 983 3346; x_wconf 85' lang='lat' dir='ltr'>offas</span> <span class='ocrx_word' id='word_1_301' title='bbox 1002 3292 1020 3345; x_wconf 85' lang='lat' dir='ltr'>f.</span> <span class='ocrx_word' id='word_1_302' title='bbox 1041 3296 1070 3346; x_wconf 88' lang='lat' dir='ltr'>et</span> <span class='ocrx_word' id='word_1_303' title='bbox 1088 3294 1118 3347; x_wconf 91' lang='lat' dir='ltr'>in</span> <span class='ocrx_word' id='word_1_304' title='bbox 1136 3312 1162 3363; x_wconf 92' lang='lat' dir='ltr'>p.</span> 
     </span>
     <span class='ocr_line' id='line_1_32' title="bbox 148 3360 1165 3433; baseline 0.006 -19"><span class='ocrx_word' id='word_1_305' title='bbox 148 3360 287 3414; x_wconf 86' lang='lat' dir='ltr'>immittas</span> <span class='ocrx_word' id='word_1_306' title='bbox 306 3362 417 3433; x_wconf 81' lang='lat' dir='ltr'>digeras</span> <span class='ocrx_word' id='word_1_307' title='bbox 435 3365 463 3418; x_wconf 97' lang='lat' dir='ltr'><strong><em>A</em></strong></span> <span class='ocrx_word' id='word_1_308' title='bbox 489 3365 498 3432; x_wconf 94' lang='grc'>11</span> <span class='ocrx_word' id='word_1_309' title='bbox 528 3371 560 3418; x_wconf 91' lang='grc'>16</span> <span class='ocrx_word' id='word_1_310' title='bbox 579 3363 759 3417; x_wconf 87' lang='lat' dir='ltr'>interioribus</span> <span class='ocrx_word' id='word_1_311' title='bbox 777 3366 805 3419; x_wconf 86' lang='lat' dir='ltr'><strong><em>A</em></strong></span> <span class='ocrx_word' id='word_1_312' title='bbox 831 3365 841 3432; x_wconf 95' lang='grc'>11</span> <span class='ocrx_word' id='word_1_313' title='bbox 869 3369 901 3416; x_wconf 80' lang='grc'>17</span> <span class='ocrx_word' id='word_1_314' title='bbox 922 3363 1034 3418; x_wconf 84' lang='lat' dir='ltr'>defricti</span> <span class='ocrx_word' id='word_1_315' title='bbox 1053 3364 1080 3418; x_wconf 92' lang='lat' dir='ltr'><strong><em>L</em></strong></span> <span class='ocrx_word' id='word_1_316' title='bbox 1106 3369 1110 3433; x_wconf 92' lang='grc'>1</span> <span class='ocrx_word' id='word_1_317' title='bbox 1135 3368 1165 3420; x_wconf 91' lang='lat' dir='ltr'>ct</span> 
     </span>
     <span class='ocr_line' id='line_1_33' title="bbox 147 3431 1164 3508; baseline 0.006 -22"><span class='ocrx_word' id='word_1_318' title='bbox 147 3445 199 3486; x_wconf 88' lang='lat' dir='ltr'>om.</span> <span class='ocrx_word' id='word_1_319' title='bbox 215 3431 241 3485; x_wconf 92' lang='lat' dir='ltr'><strong><em>L</em></strong></span> <span class='ocrx_word' id='word_1_320' title='bbox 277 3435 286 3502; x_wconf 92' lang='grc'>11</span> <span class='ocrx_word' id='word_1_321' title='bbox 324 3439 357 3488; x_wconf 87' lang='grc'>18</span> <span class='ocrx_word' id='word_1_322' title='bbox 375 3433 476 3488; x_wconf 83' lang='lat' dir='ltr'>frissae</span> <span class='ocrx_word' id='word_1_323' title='bbox 495 3435 522 3488; x_wconf 89' lang='lat' dir='ltr'><strong><em>L</em></strong></span> <span class='ocrx_word' id='word_1_324' title='bbox 540 3434 629 3489; x_wconf 85' lang='lat' dir='ltr'>frixae</span> <span class='ocrx_word' id='word_1_325' title='bbox 647 3435 687 3489; x_wconf 83' lang='lat' dir='ltr'>ed.</span> <span class='ocrx_word' id='word_1_326' title='bbox 700 3453 744 3503; x_wconf 84' lang='lat' dir='ltr'>pr.</span> <span class='ocrx_word' id='word_1_327' title='bbox 759 3436 787 3489; x_wconf 88' lang='lat' dir='ltr'><strong><em>A</em></strong></span> <span class='ocrx_word' id='word_1_328' title='bbox 822 3437 832 3504; x_wconf 96' lang='grc'>11</span> <span class='ocrx_word' id='word_1_329' title='bbox 864 3441 897 3488; x_wconf 77' lang='grc'>20</span> <span class='ocrx_word' id='word_1_330' title='bbox 917 3436 1021 3490; x_wconf 81' lang='lat' dir='ltr'>deteris</span> <span class='ocrx_word' id='word_1_331' title='bbox 1040 3436 1079 3491; x_wconf 82' lang='lat' dir='ltr'>ed.</span> <span class='ocrx_word' id='word_1_332' title='bbox 1091 3455 1135 3506; x_wconf 86' lang='lat' dir='ltr'>pr.</span> <span class='ocrx_word' id='word_1_333' title='bbox 1155 3440 1164 3508; x_wconf 95' lang='grc'>11</span> 
     </span>
     <span class='ocr_line' id='line_1_34' title="bbox 149 3503 1164 3576; baseline 0.007 -21"><span class='ocrx_word' id='word_1_334' title='bbox 149 3507 181 3568; x_wconf 83' lang='lat'>21</span> <span class='ocrx_word' id='word_1_335' title='bbox 199 3503 305 3557; x_wconf 88' lang='lat' dir='ltr'>caricas</span> <span class='ocrx_word' id='word_1_336' title='bbox 320 3505 371 3557; x_wconf 88' lang='lat' dir='ltr'>XX</span> <span class='ocrx_word' id='word_1_337' title='bbox 383 3507 412 3560; x_wconf 89' lang='lat' dir='ltr'>et</span> <span class='ocrx_word' id='word_1_338' title='bbox 425 3505 444 3558; x_wconf 85' lang='lat' dir='ltr'>f.</span> <span class='ocrx_word' id='word_1_339' title='bbox 456 3507 484 3561; x_wconf 90' lang='lat' dir='ltr'><strong><em>A</em></strong></span> <span class='ocrx_word' id='word_1_340' title='bbox 497 3506 645 3560; x_wconf 87' lang='lat' dir='ltr'>fasciolum</span> <span class='ocrx_word' id='word_1_341' title='bbox 660 3507 702 3560; x_wconf 84' lang='lat' dir='ltr'>bis</span> <span class='ocrx_word' id='word_1_342' title='bbox 711 3505 737 3558; x_wconf 93' lang='lat' dir='ltr'><strong><em>L</em></strong></span> <span class='ocrx_word' id='word_1_343' title='bbox 751 3504 885 3559; x_wconf 82' lang='lat' dir='ltr'>fasciculo</span> <span class='ocrx_word' id='word_1_344' title='bbox 901 3507 942 3562; x_wconf 79' lang='lat' dir='ltr'>bis</span> <span class='ocrx_word' id='word_1_345' title='bbox 955 3508 994 3562; x_wconf 82' lang='lat' dir='ltr'>cd.</span> <span class='ocrx_word' id='word_1_346' title='bbox 1002 3524 1047 3576; x_wconf 86' lang='lat' dir='ltr'>pr.</span> <span class='ocrx_word' id='word_1_347' title='bbox 1062 3509 1071 3576; x_wconf 94' lang='grc'>11</span> <span class='ocrx_word' id='word_1_348' title='bbox 1086 3514 1119 3562; x_wconf 77' lang='lat'>22</span> <span class='ocrx_word' id='word_1_349' title='bbox 1134 3509 1164 3562; x_wconf 89' lang='lat' dir='ltr'>in</span> 
     </span>
     <span class='ocr_line' id='line_1_35' title="bbox 147 3575 1163 3647; baseline 0.006 -22"><span class='ocrx_word' id='word_1_350' title='bbox 147 3589 205 3640; x_wconf 90' lang='lat' dir='ltr'>qua</span> <span class='ocrx_word' id='word_1_351' title='bbox 219 3575 268 3642; x_wconf 78' lang='lat' dir='ltr'>Lss</span> <span class='ocrx_word' id='word_1_352' title='bbox 283 3580 317 3628; x_wconf 75' lang='lat'>23</span> <span class='ocrx_word' id='word_1_353' title='bbox 334 3575 452 3629; x_wconf 88' lang='lat' dir='ltr'>resoluti</span> <span class='ocrx_word' id='word_1_354' title='bbox 471 3578 510 3632; x_wconf 86' lang='lat' dir='ltr'>cd.</span> <span class='ocrx_word' id='word_1_355' title='bbox 521 3596 566 3647; x_wconf 84' lang='lat' dir='ltr'>pr.</span> <span class='ocrx_word' id='word_1_356' title='bbox 581 3579 608 3632; x_wconf 88' lang='lat' dir='ltr'><strong><em>A</em></strong></span> <span class='ocrx_word' id='word_1_357' title='bbox 625 3579 629 3646; x_wconf 95' lang='grc'>1</span> <span class='ocrx_word' id='word_1_358' title='bbox 644 3594 707 3630; x_wconf 90' lang='lat' dir='ltr'>unc.</span> <span class='ocrx_word' id='word_1_359' title='bbox 722 3576 773 3630; x_wconf 87' lang='lat' dir='ltr'>llll</span> <span class='ocrx_word' id='word_1_360' title='bbox 786 3579 814 3632; x_wconf 92' lang='lat' dir='ltr'><strong><em>A</em></strong></span> <span class='ocrx_word' id='word_1_361' title='bbox 828 3580 837 3647; x_wconf 94' lang='grc'>11</span> <span class='ocrx_word' id='word_1_362' title='bbox 852 3583 886 3630; x_wconf 81' lang='lat'>24</span> <span class='ocrx_word' id='word_1_363' title='bbox 904 3579 933 3632; x_wconf 89' lang='lat' dir='ltr'>et</span> <span class='ocrx_word' id='word_1_364' title='bbox 947 3578 1009 3632; x_wconf 89' lang='lat' dir='ltr'>allii</span> <span class='ocrx_word' id='word_1_365' title='bbox 1022 3581 1080 3634; x_wconf 86' lang='lat' dir='ltr'>tres</span> <span class='ocrx_word' id='word_1_366' title='bbox 1099 3579 1163 3634; x_wconf 88' lang='lat' dir='ltr'>add.</span> 
     </span>
     <span class='ocr_line' id='line_1_36' title="bbox 146 3645 1146 3718; baseline 0.008 -18"><span class='ocrx_word' id='word_1_367' title='bbox 146 3645 187 3700; x_wconf 82' lang='lat' dir='ltr'>ed.</span> <span class='ocrx_word' id='word_1_368' title='bbox 198 3661 244 3712; x_wconf 83' lang='lat' dir='ltr'>pr.</span> <span class='ocrx_word' id='word_1_369' title='bbox 259 3647 287 3699; x_wconf 89' lang='lat' dir='ltr'><strong><em>A</em></strong></span> <span class='ocrx_word' id='word_1_370' title='bbox 300 3648 310 3715; x_wconf 94' lang='grc'>11</span> <span class='ocrx_word' id='word_1_371' title='bbox 324 3651 357 3700; x_wconf 77' lang='grc'>15</span> <span class='ocrx_word' id='word_1_372' title='bbox 378 3646 527 3716; x_wconf 83' lang='lat' dir='ltr'>offulisque</span> <span class='ocrx_word' id='word_1_373' title='bbox 545 3651 572 3703; x_wconf 90' lang='lat' dir='ltr'><strong><em>A</em></strong></span> <span class='ocrx_word' id='word_1_374' title='bbox 587 3650 626 3703; x_wconf 85' lang='lat' dir='ltr'>cd.</span> <span class='ocrx_word' id='word_1_375' title='bbox 641 3667 683 3718; x_wconf 87' lang='lat' dir='ltr'>pr.</span> <span class='ocrx_word' id='word_1_376' title='bbox 703 3648 806 3702; x_wconf 86' lang='lat' dir='ltr'>offulae</span> <span class='ocrx_word' id='word_1_377' title='bbox 823 3651 850 3701; x_wconf 75' lang='grc'>.’.</span> <span class='ocrx_word' id='word_1_378' title='bbox 868 3693 872 3703; x_wconf 97' lang='grc'>.</span> <span class='ocrx_word' id='word_1_379' title='bbox 888 3648 981 3704; x_wconf 87' lang='lat' dir='ltr'>factae</span> <span class='ocrx_word' id='word_1_380' title='bbox 999 3650 1079 3706; x_wconf 69' lang='lat' dir='ltr'>Seleu.</span> <span class='ocrx_word' id='word_1_381' title='bbox 1144 3703 1146 3708; x_wconf 92' lang='lat'><em>.</em></span> 
     </span>
    </p>
   </div>
   <div class='ocr_carea' id='block_1_7' title="bbox 0 0 1346 3926">
    <p class='ocr_par' dir='ltr' id='par_1_7' title="bbox 0 0 1346 3926">
     <span class='ocr_line' id='line_1_37' title="bbox 0 0 1346 3926; baseline 0 4"><span class='ocrx_word' id='word_1_382' title='bbox 0 0 1346 3926; x_wconf 95' lang='lat' dir='ltr'> </span> 
     </span>
    </p>
   </div>
  </div>
 </body>
</html>
