2668 3920
452 243 457 253 ·
536 230 578 284 De
597 230 775 285 editionibus.
1123 229 1162 282 IX

151 399 264 459 iudicat
275 400 357 458 iiber.
400 397 619 458 Commemorat
636 401 730 477 igitur
743 399 886 476 Vegetius
900 399 975 458 duos
994 416 1056 458 sese
1075 401 1166 476 scrip·

153 489 225 547 sisse
248 488 348 547 libros.
391 487 468 557 Quid
492 483 706 548 Schneiderus‘?
748 488 878 547 'Pontum
902 487 994 562 abest,
1016 491 1051 547 ut
1072 487 1167 565 Vege-

151 579 229 636 tium
249 579 366 636 secutus
390 577 441 652 qui
463 577 641 637 antecedunt
663 576 754 636 libros
775 579 836 636 tres
860 577 1016 636 contrahat
1038 577 1070 635 in
1093 577 1167 636 duos

152 698 194 707 —
218 665 250 724 id
273 665 353 741 quod
376 665 489 726 codices
512 666 620 742 optimi
645 665 797 742 praebent,
820 683 921 724 omnes
944 683 1015 724 sane
1039 665 1167 726 editores

151 755 345 832 neglexerrmt
367 786 411 796 —
434 757 469 814 ut
499 757 603 814 contm
625 754 786 832 Vegetium
809 773 827 813 a
851 774 881 814 se
905 757 984 814 stare
1007 755 1168 814 contendat

152 835 195 924 (p.
217 836 287 924 14):
305 845 386 904 uides
405 861 439 903 cu
457 844 531 903 libro
544 847 644 918 primo
663 848 690 903 ct
706 844 831 903 seuuuo
849 843 971 903 iuudori
988 861 1062 917 quoe
1084 845 1168 904 bodie

151 934 185 992 iu
201 935 301 1006 primo
324 935 511 1006 reperiuutur
536 933 610 1002 soto,
637 934 682 992 uei
708 933 772 992 idco
794 935 827 992 iu
852 933 927 991 duos
950 933 1167 1007 dirimendo.

153 1021 265 1079 Mirum
278 1023 377 1080 virum
391 1023 596 1098 propositique
611 1021 845 1082 tenacissimum:
869 1019 1069 1080 concedamus
1089 1023 1167 1080 enim

153 1109 189 1168 de
219 1129 290 1170 cura
324 1110 435 1170 stabuli
469 1111 520 1188 agi
548 1110 635 1184 156,
666 1111 701 1170 de
737 1111 947 1169 alimentorum
979 1110 1061 1168 cultu
1095 1109 1166 1169 ibid.

152 1196 270 1273 §Sese
300 1218 398 1258 nonne
428 1198 643 1260 observationis
673 1198 903 1259 sollicitudinem
933 1199 965 1257 in
990 1217 1168 1276 unoquoque

153 1288 252 1364 capite
271 1288 320 1347 vel
338 1287 456 1348 disertis
475 1289 573 1348 verbis
591 1289 639 1347 vel
657 1290 749 1348 tacite
768 1286 954 1348 commendat
972 1290 1063 1364 atque
1082 1306 1167 1364 prae-

151 1373 246 1452 cipit?
286 1374 368 1436 Nom
391 1378 531 1436 adversm
553 1379 669 1437 maimo
692 1377 847 1451 dispeudiu
868 1379 1009 1437 inaurem
1030 1377 1167 1438 scilici-

151 1465 308 1526 tudiuem
330 1471 438 1540 oportet
453 1467 585 1539 imperiii
599 1511 605 1524 .
621 1512 627 1524 .
643 1511 650 1525 .
664 1467 766 1526 cotidie
784 1483 850 1540 erqo
871 1467 916 1524 uei
937 1468 1168 1540 frequentissime
1218 1526 1222 1534 ,

151 1555 299 1629 speculari
328 1557 459 1614 couoeuit
487 1556 618 1614 hobitum
647 1558 854 1624 iumentorum,
882 1572 954 1615 uum
983 1555 1168 1630 diligentibus

151 1644 270 1702 morbus
299 1647 361 1717 ipse
390 1662 420 1704 sc
437 1645 546 1718 prodit.
597 1643 645 1702 Sic
674 1647 775 1703 noster
803 1645 835 1702 in
864 1644 1049 1719 praefatione
1073 1641 1167 1718 §162

152 1733 189 1792 of.
203 1732 239 1806 ’2,
254 1734 305 1791 40.
325 1735 355 1808 2,
370 1735 422 1808 89,
440 1733 467 1792 5.
488 1736 517 1807 2,
533 1735 584 1807 92,
599 1734 627 1792 8.
649 1733 678 1807 2,
698 1735 771 1808 140,
786 1735 814 1791 2.
830 1735 859 1807 2,
881 1734 953 1806 141,
972 1735 1001 1790 4.
1028 1765 1066 1774 -
1091 1733 1167 1792 Ecce

151 1821 238 1880 nobis
269 1823 394 1897 opponit
424 1820 619 1881 Schneiderus
653 1822 750 1881 locum
780 1824 815 1881 ut
844 1824 872 1880 ei
900 1820 1019 1881 videtur
1042 1823 1169 1882 clarissi-

151 1929 235 1969 mum
251 1913 280 1984 1,
295 1912 323 1986 9,
340 1912 372 1969 6:
394 1929 474 1970 uuus
486 1913 579 1984 siquis
593 1912 726 1971 omuibus
739 1911 912 1985 qeucruiiicr
925 1911 1169 1986 singulariterque

153 1999 285 2074 discetis,
307 1999 490 2074 stupuierum
515 2001 682 2059 morborum
708 2001 846 2073 speciales
861 2003 1058 2074 propriusque
1081 2019 1168 2059 euros

152 2092 262 2172 opertu
279 2089 446 2163 adiuuuere,
454 2093 523 2162 post
535 2091 605 2148 buco
619 2090 654 2148 de
664 2089 796 2163 pcucruii
808 2091 968 2148 uiuutioue
985 2089 1168 2162 siuyuloruru

153 2181 180 2236 et
202 2177 353 2236 adustione
376 2179 479 2236 docens
507 2178 677 2237 oououduru
703 2178 812 2236 librum
828 2179 971 2250 primum.
1012 2175 1098 2235 Certe
1120 2178 1167 2235 his

153 2265 252 2325 verbis
276 2267 434 2341 respicitur
456 2285 480 2324 o.
500 2267 541 2324 28
567 2284 625 2340 quo
649 2265 684 2324 de
707 2267 823 2324 ustione
848 2265 923 2342 agit:
951 2264 1002 2323 sed
1024 2265 1056 2323 id
1079 2284 1167 2340 quae·

153 2353 279 2413 rendum
298 2357 342 2414 est
360 2375 432 2412 num
450 2355 514 2413 iure
532 2357 655 2430 propter
672 2354 745 2413 haec
763 2353 855 2412 verba
875 2355 979 2412 contra
996 2355 1169 2414 testimonia

154 2443 288 2503 codicum
310 2443 463 2519 ipsiusque
487 2444 640 2519 scriptoris
664 2461 754 2519 supra
776 2441 872 2503 fusius
894 2444 1026 2502 tractata
1049 2442 1085 2501 ab
1108 2445 1167 2503 isto

154 2532 286 2608 capitulo
309 2550 420 2592 novum
437 2531 616 2608 incipiamus
629 2531 746 2590 librum.
788 2531 856 2590 Non
874 2533 954 2590 recte
972 2531 1034 2591 dixi
1052 2534 1168 2603 librum,

155 2621 312 2680 dicendum
335 2624 400 2680 erat
421 2623 564 2680 uoluuueu.
608 2621 673 2680 Hoc
701 2623 779 2680 enim
809 2620 952 2680 intererat
979 2639 1012 2680 eo
1035 2623 1169 2698 tempore

156 2729 214 2785 quo
238 2709 380 2787 Vegetius
409 2701 559 2792 scripsit1)
582 2711 662 2768 inter
689 2709 762 2769 haec
791 2710 950 2784 vocabule,
978 2711 1112 2770 uciwmeu
1139 2713 1169 2771 et

154 2799 236 2868 liber,
259 2801 293 2857 ut
315 2799 368 2857 illo
387 2798 569 2877 significetur
590 2799 623 2857 id
645 2798 724 2875 quod
741 2799 773 2856 in
791 2817 850 2858 uno
869 2798 968 2859 codice
992 2800 1169 2874 continetur,

154 2887 210 2946 hoc
231 2886 264 2946 id
282 2887 361 2963 quod
379 2886 418 2946 ad
439 2907 530 2946 unam
549 2887 730 2963 eandemque
752 2905 816 2946 rem
834 2887 1000 2963 spectabat:
1023 2889 1055 2946 in
1079 2907 1167 2962 quam

154 2996 218 3035 rem
249 2975 421 3054 diligentius
450 2976 607 3052 inquisivit
636 2976 803 3034 Landwehr
833 2969 1016 3056 (Woelfflini
1045 2977 1170 3036 Archivi

149 3068 227 3129 tom.
246 3064 289 3122 VI
306 3086 335 3141 p.
356 3057 529 3146 223ssq).⁹)
571 3065 647 3124 Vide
671 3084 761 3140 quem
784 3063 943 3142 diligenter
960 3065 1102 3143 Vegetius
1125 3066 1168 3124 di-

229 3325 255 3390 1)
274 3323 311 3377 Et
324 3299 474 3446 Veffietium
492 3338 553 3377 esse
571 3322 691 3377 eundem
709 3323 759 3391 qui
778 3323 812 3376 de
826 3338 856 3376 re
874 3322 993 3376 militari
1011 3322 1123 3392 scripsit
1141 3324 1170 3376 et

155 3395 258 3449 vixisse
277 3394 329 3448 sub
348 3394 370 3448 T
391 3393 504 3449 eodosio
522 3395 639 3464 Magno,
662 3393 732 3447 mihi
750 3394 890 3462 persuasit
908 3393 1051 3460 Sebocuer,
1069 3393 1170 3448 §tudio

157 3468 188 3520 iu
212 3467 348 3537 Vepetium
367 3465 519 3536 (Erlangen
538 3467 618 3535 1888)
636 3483 663 3533 p.
679 3470 720 3519 84.
801 3493 804 3500 ·

229 3539 255 3606 2)
275 3536 314 3590 cf.
339 3536 426 3590 etiam
450 3537 599 3602 Dziutsto,
630 3537 870 3607 Uutersucbuuyeu
898 3537 964 3590 iiber
991 3535 1170 3604 usespewdblte

159 3609 275 3677 Kupitci
292 3609 337 3662 des
356 3609 468 3663 autibeu
486 3609 664 3662 Buobuceeus
682 3624 709 3675 p.
727 3613 838 3674 litesq.
