2684 3926
462 235 602 290 MVLOM.
622 236 648 288 Π
667 242 807 290 rra-144
1078 238 1143 301 239

128 403 218 477 ditur,
237 405 263 461 si
281 404 388 462 humor
406 405 529 480 putidus
547 403 583 462 de
602 405 693 482 plaga
711 406 819 481 incipit
837 425 963 465 currere.
1000 405 1143 466 Praesens
1159 411 1179 467 3

126 490 290 550 remedium
310 497 364 567 est,
388 493 413 552 si
430 493 559 552 haedum
577 493 625 551 vel
644 494 758 570 gallum
778 496 830 553 aut
848 513 959 573 agnum
982 494 1013 553 in
1032 498 1146 555 recenti

127 580 269 640 occideris
293 586 334 640 et·
351 582 479 642 calentes
506 583 661 658 pulmones
691 585 754 642 eius
780 602 847 642 cum
870 585 1027 662 sanguine,
1057 584 1144 643 corde

127 671 175 728 vel
193 672 289 730 iecore
308 672 425 730 vulneri
444 673 617 748 apposueris
636 672 853 750 diligenterque
872 674 1091 748 constrinxeris,
1109 677 1145 732 ut

100 778 213 819 somne
245 762 327 819 virus
364 760 483 835 educat,
521 761 644 820 daturus
682 762 824 820 continuo
860 763 1025 838 potionem:
1062 763 1144 821 acori

126 847 244 907 Pontici
274 867 400 910 semunc.
431 851 549 924 tritam,
577 852 641 908 vini
663 852 773 910 veteris
797 854 868 910 sext.
888 849 953 925 Is,
977 851 1048 910 salis
1076 852 1144 909 triti

126 937 277 996 heminam
300 940 414 1013 pariter
438 941 543 998 misces
568 943 598 997 et
618 941 769 1016 tepefacta
790 938 926 998 faucibus
950 940 1067 1018 digeris.
1110 939 1179 1000 814

125 1027 360 1102 perseveraverit
391 1031 505 1102 tumor,
535 1030 628 1087 vitem
660 1029 761 1088 albam
793 1029 959 1088 silvestrem
991 1028 1144 1104 copiosam

125 1115 291 1174 comburito
306 1119 385 1174 etex
400 1118 546 1176 cineribus
565 1119 628 1176 eius
644 1117 767 1178 lixivam
786 1119 878 1178 facito
897 1121 927 1176 et
945 1120 977 1176 in
991 1120 1143 1194 potionem

84 1223 112 1263 ro
126 1223 179 1279 per
211 1204 290 1262 diem
322 1204 361 1263 ad
392 1226 484 1264 unum
520 1209 682 1265 sextarium
717 1206 796 1266 dato.
852 1206 988 1266 Cinerem
1023 1227 1143 1284 quoque

125 1295 224 1368 ipsum
247 1311 315 1350 cum
339 1297 422 1352 aceto
449 1297 482 1352 in
505 1295 626 1353 modum
656 1297 880 1371 cataplasmatis
908 1297 1025 1356 vulneri
1047 1297 1143 1371 impo-

125 1383 198 1440 nito.
245 1381 277 1440 Si
296 1382 372 1441 nihil
390 1383 558 1458 profecerit,
581 1383 749 1444 cauteribus
768 1387 857 1460 urito‚
879 1387 949 1444 usta
971 1386 1144 1444 solemniter

126 1473 237 1549 ornato.
293 1470 434 1531 Farinam
466 1492 584 1548 quoque
620 1473 814 1533 hordeaceam
846 1494 881 1533 ex
919 1475 980 1533 sule
1013 1478 1043 1533 et
1071 1474 1143 1533 vino

126 1560 251 1634 oleoque
274 1559 425 1630 decoctam
447 1563 479 1619 in
503 1564 672 1622 cicatricem
695 1565 815 1639 oportet
836 1565 958 1640 imponi.

85 1794 110 1833 u
342 1767 493 1836 CXLIV.
517 1770 555 1836 Si
577 1793 730 1838 araneum
752 1773 920 1837 comederit.

193 1899 225 1957 Si
247 1901 416 1959 iumentum
439 1919 581 1961 araneum
608 1904 640 1960 in
662 1902 773 1978 pabulo
797 1903 970 1977 comederit,
997 1902 1070 1962 haec
1102 1894 1249 1990 ΗῙΗΗΗΗΗῨ

126 1991 212 2046 erunt
226 1990 325 2067 signa:
344 1992 442 2048 totum
456 2009 563 2066 corpus
577 1991 713 2065 tumebit,
730 1991 780 2050 sed
795 1993 906 2050 circum
920 1992 1070 2050 auriculas
1218 2011 1226 2031 ’

125 2078 156 2132 et
174 2076 323 2136 oculosue
342 2096 427 2136 nares
446 2079 562 2138 inflatio
581 2097 649 2137 oum
666 2080 873 2157 indignatione
895 2081 991 2138 maior
1007 2082 1141 2155 apparet.

126 2162 182 2221 (lui
215 2164 272 2223 heo
301 2168 417 2224 ratione
455 2167 606 2227 subvenis:
643 2167 679 2226 de
712 2169 816 2244 palato
850 2170 1026 2247 sanguinem
1053 2168 1141 2228 tolles

84 2265 111 2314 11
125 2271 251 2328 eumque
270 2258 426 2328 exceptum
449 2274 516 2314 oum
535 2261 608 2315 sext.
632 2257 708 2316 aceti
727 2260 758 2316 et
775 2259 895 2316 hemina
914 2257 985 2316 salis
1003 2257 1141 2317 miscebis

126 2345 157 2400 et
179 2341 257 2400 circa
279 2343 401 2420 plagam
419 2345 467 2402 vel
490 2345 556 2405 loce
578 2347 726 2404 tumentia
744 2365 900 2423 perunges,
923 2346 1141 2424 diligenterque

125 2432 240 2505 operies
263 2435 298 2489 ut
321 2431 418 2491 sudet:
442 2433 497 2492 hac
519 2436 636 2494 ratione
660 2435 821 2494 sanabitur.

198 2660 211 2706 1
232 2653 305 2708 Chir.
322 2671 344 2708 c.
359 2661 419 2709 510.
495 2661 508 2709 l
529 2656 601 2710 Chir.
618 2675 640 2711 c.
656 2663 715 2712 511.
791 2664 823 2712 16
843 2657 915 2713 Chir.
932 2677 954 2714 c.
970 2665 1029 2714 612.

197 2875 210 2921 1
231 2867 316 2924 fluere
332 2869 360 2922 P
370 2871 379 2938 Η
393 2873 409 2922 3
428 2869 521 2923 cordis
540 2870 583 2924 vel
598 2871 698 2926 iecoris
713 2872 741 2924 P
756 2871 800 2926 vel
819 2872 903 2926 corde
918 2871 963 2942 vel
981 2873 999 2927 i.
1019 2875 1058 2928 ed.
1070 2890 1115 2943 pr.
1130 2874 1140 2947 ΗΗ

125 2945 257 2994 bomnes
275 2939 347 2994 vires
366 2940 392 2994 L
426 2942 430 3009 Η
464 2942 584 2995 mucoris
604 2945 630 2997 A
651 2943 758 2997 silicem
777 2959 801 2997 e.
816 2943 846 2997 P.
862 2944 890 2997 P
918 2947 927 3014 ΗΗ
957 2950 1057 3000 tcum
1074 2963 1099 3000 v.
1113 2963 1139 2999 v.

125 3011 247 3066 sextario
261 3013 301 3066 ed.
313 3029 358 3081 pr.
372 3015 382 3081 Η
397 3016 411 3064 ἵ
426 3011 601 3081 tepefactum
614 3015 653 3068 ed.
663 3032 707 3083 pr.
723 3017 751 3068 A
764 3017 774 3083 Η
788 3019 804 3067 8
818 3015 1006 3085 perseveravit
1019 3017 1061 3071 ed
1075 3034 1116 3085 pr.
1133 3017 1138 3090 Η

124 3081 193 3136 item
212 3099 237 3136 a.
252 3084 279 3137 L
313 3086 317 3152 Ι
352 3083 463 3152 copiose
486 3085 526 3138 ed.
543 3102 586 3154 pr.
602 3085 670 3147 AP
692 3087 702 3153 Η
734 3089 832 3138 tcum
855 3085 949 3141 butiro
968 3087 1027 3142 AL
1045 3104 1141 3160 murga

124 3152 219 3208 burito
237 3155 264 3208 L
279 3154 284 3225 Η
300 3170 335 3208 ex
353 3171 375 3210 c.
389 3160 466 3208 -10
486 3155 554 3210 dato
572 3173 622 3211 om.
638 3158 665 3210 A
681 3157 685 3227 Η
701 3156 829 3211 lixivium
847 3159 886 3211 ed.
898 3175 944 3227 pr.
964 3161 974 3228 Η
994 3162 1026 3212 10
1044 3159 1140 3214 triduo

125 3224 163 3279 ed.
176 3243 219 3292 pr.
234 3227 244 3294 Η
259 3231 291 3279 11
312 3243 376 3280 eum
390 3242 432 3280 ac.
446 3243 496 3281 om.
511 3227 538 3280 L
554 3231 558 3295 Ι
574 3227 684 3281 vulneri
699 3227 874 3298 cataplasma
888 3230 916 3282 P
926 3232 937 3300 Η
951 3235 983 3282 12
999 3231 1141 3285 canterma

125 3295 174 3348 sol.
195 3299 223 3349 et
242 3313 398 3366 superpone
416 3298 445 3352 P
463 3301 472 3366 Η
494 3303 526 3352 18
547 3301 680 3352 curantur
698 3302 725 3354 A
741 3303 746 3369 Ι
761 3299 860 3354 hordei
879 3300 925 3370 ΡΙ
946 3317 1009 3354 cunr
1027 3300 1092 3355 vino
1111 3303 1142 3357 et

125 3365 184 3420 sale
203 3366 320 3435 oleoque
338 3370 378 3422 ed.
393 3386 434 3437 pr.
450 3370 478 3422 A
497 3372 506 3439 Η
531 3375 563 3423 14
583 3369 642 3424 dec.
656 3387 745 3440 usque
764 3369 832 3424 dum
851 3387 935 3425 sanus
955 3372 992 3426 sit
1009 3375 1037 3427 P
1059 3377 1064 3443 Η
1088 3373 1140 3428 im-

124 3437 192 3506 poni
209 3439 307 3493 &iude
325 3439 430 3508 apponi
447 3441 475 3494 L
838 3471 841 3482 ι

198 3550 229 3598 19
249 3545 295 3599 cui
313 3526 367 3600 hdt·
385 3523 522 3600 radonem
540 3547 623 3601 tolles
642 3565 732 3618 eumq.
749 3549 773 3604 L
792 3551 801 3619 Η
820 3551 861 3604 20
874 3551 941 3606 sext.
957 3551 982 3606 V
996 3554 1024 3607 P
1035 3555 1045 3622 Η
1059 3558 1092 3606 22
1112 3551 1139 3610 d.

124 3614 196 3669 frico
215 3617 243 3669 et
262 3616 340 3685 operi
359 3625 391 3670 ut
410 3635 429 3671 e.
450 3619 478 3672 et
498 3618 537 3672 sio
557 3621 671 3674 curatur
689 3621 717 3675 P
