2668 3920
199 201 242 266 22
637 200 773 256 VEGETI

195 369 341 443 miscebis
363 371 406 430 sic
428 369 534 429 infusis
557 369 678 428 naribus
697 371 923 429 exulcerationis
946 370 1030 430 illius
1053 369 1211 448 mitigator

157 459 176 516 4
196 460 350 535 asperitas.
396 458 538 518 Radioem
557 478 675 534 quoque
694 459 798 518 laseris
816 461 936 518 tunsam
955 461 985 518 et
1007 479 1060 535 per
1078 459 1210 518 fistulam

196 550 285 607 vento
303 547 424 607 naribus
445 547 637 623 insufflatam,
659 551 695 607 ut
712 550 880 606 stornatum
897 551 1047 624 provocet,
1071 548 1210 608 adhibere

161 635 385 697 beommodum
416 639 469 696 est.
525 635 623 712 caput
654 639 747 696 etiam
783 638 965 696 extrinsecus
1002 638 1209 713 auriculasque

195 727 261 785 oleo
285 725 381 786 calido
405 724 566 803 diligenter
587 744 743 804 perunges,
763 728 794 784 et
816 727 887 784 lana
910 726 1028 786 cerebro
1051 726 1149 785 indita
1171 726 1209 784 ab
1237 746 1249 786 5

195 817 277 874 omni
310 813 510 890 perfrictionis
545 816 720 874 necessitate
754 817 882 874 munies:
916 816 1059 874 nasturtii
1093 833 1210 891 quoque

161 904 294 964 daemon
312 903 473 963 bibendum
491 903 575 962 dabis
594 923 630 962 ex
646 923 732 980 aqua.
770 903 928 962 Praeterea
946 905 1099 980 potionem
1117 903 1210 978 dabie,

195 992 272 1070 qu'ae
294 993 435 1068 diapente
457 995 595 1067 vocatur,
622 996 653 1052 et
674 993 731 1052 hac
752 994 870 1051 ratione
893 992 1060 1052 conficitur:
1083 1011 1210 1068 murrae,

194 1083 366 1160 gentianae,
401 1081 609 1141 aristolochiae
638 1083 759 1160 longae,
790 1081 932 1141 bacarum
962 1082 1054 1156 lauri,
1088 1101 1209 1142 rasurae

194 1171 291 1231 eboris
313 1171 387 1229 bene
410 1172 498 1230 tritas
522 1173 553 1230 et
575 1171 719 1230 cribratas
743 1173 846 1246 aequis
868 1170 1006 1231 miscebis
1029 1171 1208 1246 ponderibus
1224 1191 1250 1230 ro

160 1259 392 1335 ‘lservabisque
438 1259 553 1318 Exinde
578 1262 676 1335 prima
702 1259 750 1319 die
779 1280 873 1318 unum
900 1261 1078 1320 coclearium
1108 1279 1208 1319 cumu-

192 1349 289 1408 latum
318 1368 385 1407 cum
414 1350 543 1408 sextario
573 1351 638 1409 vini
665 1350 788 1424 veteris,
820 1349 950 1408 secunda
979 1349 1027 1407 die
1057 1369 1149 1407 unum
1179 1351 1209 1408 et

193 1440 294 1512 semis,
330 1439 421 1496 tertia
453 1440 555 1496 autem
586 1439 633 1496 die
670 1438 728 1497 duo
766 1438 912 1497 coclearia
942 1439 1093 1513 tepefacto
1127 1457 1208 1497 mero

193 1545 314 1602 aspersa
343 1529 373 1585 et
403 1525 542 1605 diligenti
568 1528 733 1604 agitatione
756 1529 904 1602 permixta
927 1526 1011 1586 dabis
1042 1526 1080 1585 ad
1108 1545 1207 1586 cornu.

192 1615 301 1675 Postea
328 1634 364 1673 ex
386 1617 499 1674 cervice
527 1615 564 1674 de
586 1616 736 1674 matriculi
764 1635 841 1674 vena
868 1617 1044 1693 sanguinem
1072 1615 1208 1675 1111111111
1223 1634 1248 1674 rs

192 1705 431 1780 permixtumque
461 1706 605 1763 acerrimo
636 1707 719 1762 aceto
749 1704 781 1763 in
812 1723 898 1763 omne
929 1706 998 1779 equi
1028 1723 1134 1781 corpus
1163 1706 1208 1763 in·

193 1793 307 1867 fundes,
330 1794 361 1850 et
383 1794 488 1851 eontra
509 1794 605 1868 pilum
624 1793 784 1870 diligenter
805 1792 927 1852 fricabis
950 1795 985 1851 ut
1007 1793 1046 1852 ad
1069 1793 1208 1853 similitu-

192 1880 293 1940 dinem
311 1880 435 1959 glutinis
453 1881 619 1957 inhaereat3
642 1884 809 1940 iumentum
827 1901 945 1958 quoque
968 1884 1000 1940 in
1023 1883 1087 1941 loco
1112 1882 1208 1941 calido

159 1970 363 2030 Soonstitues.
410 1968 442 2028 Si
473 1969 571 2029 eibum
600 1971 731 2045 fastidit,
766 1973 878 2030 aestate
908 1971 1065 2030 dumtaxat
1093 1971 1208 2030 farinae

191 2060 371 2119 hordeaceae
393 2061 556 2118 sextarium
583 2080 676 2118 uuum
704 2061 835 2136 quinque
863 2061 1000 2119 sextariis
1024 2079 1120 2136 aquae
1143 2079 1207 2136 per·
1223 2079 1250 2118 ao

191 2150 318 2206 mixtum
347 2167 424 2223 equo
451 2148 536 2208 dabis
559 2148 591 2207 in
613 2152 695 2226 potu.
742 2149 904 2209 Tritiocam
934 2168 1051 2225 quoque
1079 2149 1208 2208 farinam

262 2307 278 2354 8
297 2301 355 2355 Pel.
370 2317 393 2354 o.
409 2305 425 2353 1
444 2301 479 2354 cl.
495 2301 563 2370 Veg.
579 2301 591 2353 Ι
606 2306 647 2354 64.
667 2300 706 2352 ΠΙ
720 2306 745 2366 8,
761 2306 785 2356 6.
800 2307 825 2354 8.
931 2306 964 2354 15
984 2299 1018 2354 11.
1037 2299 1095 2354 Ρ11.
1116 2317 1138 2354 c.
1154 2305 1206 2354 205

190 2388 218 2439 p.
235 2376 277 2438 73,
297 2376 338 2423 11.
358 2376 410 2424 204
432 2389 460 2440 p,
477 2377 566 2437 7111
587 2371 741 2441 Veg.113‚
757 2378 772 2424 1
874 2377 906 2425 19
926 2370 983 2426 Pel.
999 2377 1051 2425 205
1070 2389 1097 2440 p.
1115 2376 1156 2439 73,
1173 2376 1206 2424 15

191 2441 226 2495 cf.
241 2441 310 2511 Veg.
325 2441 390 2506 117,
405 2447 429 2496 3.

264 2589 277 2636 1
297 2583 422 2637 infusum
438 2625 443 2636 .
460 2626 465 2636 .
481 2582 595 2652 mitigat
615 2583 798 2652 asperitatem
811 2586 839 2639 P
853 2586 857 2653 Ι
873 2583 932 2637 ule·
946 2584 980 2652 P,
999 2583 1207 2638 exulceratione

192 2655 253 2709 FA
269 2654 273 2726 Ι
289 2654 397 2723 ipillius
412 2654 438 2707 A
461 2657 470 2724 ΙΙ
493 2660 562 2707 2-3
581 2654 652 2707 Item
671 2654 768 2724 accipe
786 2654 958 2725 febrifugam
977 2656 1006 2708 et
1023 2655 1147 2710 radicem
1167 2656 1206 2708 al·

192 2725 261 2793 sari,
284 2726 344 2778 tore
367 2726 396 2778 et
418 2723 464 2778 fac
486 2725 629 2794 pulverem
651 2742 735 2794 quem
756 2742 808 2795 per
825 2725 844 2780 f.
864 2725 978 2780 insuffla
998 2728 1031 2779 ut
1056 2727 1206 2781 sternutet:

191 2796 312 2850 multum
330 2797 445 2866 prodest
458 2799 487 2851 P
498 2797 567 2850 item
586 2813 610 2850 a.
626 2795 644 2850 f.
661 2797 742 2851 addit
759 2799 841 2853 etiam
854 2799 886 2852 F
896 2799 906 2866 ΙΙ
919 2803 935 2850 2
950 2798 1017 2851 iaris
1032 2799 1060 2852 A
1076 2801 1080 2866 Ι
1096 2799 1207 2852 tonsam

190 2869 263 2939 vulg.
278 2871 289 2938 ΙΙ
302 2873 317 2922 3
331 2867 447 2921 insitam
460 2869 532 2938 culp.
547 2869 556 2936 ΙΙ
571 2873 587 2921 1
602 2867 711 2923 calente
725 2870 765 2922 ed.
772 2887 817 2939 pr.
834 2872 838 2936 Ι
854 2869 1009 2923 inductaP
1020 2870 1029 2937 ΙΙ
1044 2874 1059 2922 6
1074 2868 1207 2992 11111ΑΙ

191 2939 236 2993 111
249 2939 357 2992 munies
372 2938 495 2992 murabis
509 2939 571 2994 Ac
585 2937 638 3008 (vel
652 2941 714 3009 oia.)
728 2939 851 2994 munibis
866 2941 906 2994 ed.
917 2958 962 3009 pr.
981 2941 990 3010 ΙΙ
1012 2946 1026 2993 7
1042 2939 1155 2994 seminis
1170 2955 1187 2993 a

190 3009 217 3063 b.
234 3027 297 3063 cum
311 3027 335 3064 a.
351 3009 491 3063 immisces
505 3011 532 3064 A
551 3013 560 3080 ΙΙ
574 3015 590 3063 8
605 3009 759 3079 diapenton
769 3013 797 3066 A
822 3015 825 3080 Ι
851 3029 886 3064 m.
901 3011 1014 3065 troclitc
1028 3012 1056 3064 P
1067 3010 1207 3064 triconitis

191 3081 222 3134 F
231 3083 240 3150 ΙΙ
255 3085 270 3134 9
284 3081 380 3135 baccis
394 3081 434 3135 ed.
445 3099 490 3150 pr.
505 3084 515 3152 ΙΙ
529 3086 562 3135 10
577 3097 666 3150 aeque
680 3099 716 3134 m.
732 3083 760 3136 A
773 3085 782 3151 ΙΙ
797 3087 830 3136 11
850 3084 879 3135 11
892 3098 926 3136 ax
939 3082 993 3136 hoo
1006 3082 1120 3152 pulvere
1139 3080 1206 3136 cccl.

190 3168 277 3205 unum
296 3168 360 3206 curn
378 3153 445 3206 sext.
461 3171 484 3205 v.
499 3171 524 3206 v.
539 3152 629 3221 primo
649 3153 675 3206 d.
690 3151 772 3206 dabis
787 3155 814 3208 P
841 3155 844 3222 Ι
875 3169 931 3222 qua
949 3153 1061 3208 dederis
1077 3153 1142 3207 add.
1157 3155 1185 3208 A
1198 3152 1208 3224 ΙΙ

192 3228 225 3276 13
244 3240 267 3277 c.
282 3223 339 3276 iam
358 3223 415 3276 iam
429 3226 448 3277 1.
464 3225 492 3278 A
510 3227 519 3294 ΙΙ
538 3229 571 3277 14
590 3240 703 3293 asperso
722 3222 758 3279 al.
773 3240 804 3277 -a
817 3226 845 3279 A
863 3227 873 3294 ΙΙ
891 3230 924 3278 15
939 3224 986 3296 de]
1004 3225 1049 3278 vel
1062 3225 1090 3278 A
1109 3224 1154 3279 val
1172 3224 1207 3278 de

190 3293 270 3350 Sota.
291 3297 300 3363 ΙΙ
325 3299 357 3348 16
377 3310 431 3364 que
445 3311 495 3350 om.
511 3296 539 3349 A
561 3296 565 3366 Ι
589 3297 618 3349 11
636 3296 729 3363 ipsum
742 3312 769 3363 p.
785 3296 816 3350 F
828 3296 857 3350 et
869 3295 888 3350 i.
903 3296 1022 3349 mixtum
1041 3313 1105 3350 cum
1118 3312 1143 3349 a.
1158 3293 1205 3366 ΡΙ

191 3381 214 3419 o.
226 3380 249 3419 e.
261 3382 283 3419 c.
294 3380 432 3435 perunges
447 3368 486 3420 cd.
496 3384 540 3435 pr.
556 3367 590 3433 ef.
602 3369 674 3431 122,
684 3371 709 3420 9.
724 3368 874 3435 portatum
888 3383 911 3421 e.
925 3384 947 3419 c.
964 3366 1104 3420 diffimdes
1114 3368 1160 3435 ΡΙ
1176 3366 1207 3418 in

190 3436 267 3490 omni
280 3438 361 3505 parte
380 3437 502 3506 eorporis
517 3453 540 3491 e.
555 3437 573 3491 i.
589 3438 617 3492 A
630 3440 639 3506 ΙΙ
654 3442 686 3489 17
706 3436 819 3507 111ΑΙΙ
834 3443 867 3490 18
887 3436 1040 3490 adhaereat
1053 3439 1093 3492 ed.
1104 3454 1150 3506 pr.
1167 3437 1171 3508 Ι
1187 3437 1206 3490 i.

192 3523 246 3575 que
260 3509 322 3562 PF
332 3510 341 3577 ΙΙ
357 3512 389 3561 19
409 3508 506 3561 statim
520 3507 560 3562 ed.
571 3526 616 3577 pr.
631 3515 657 3562 11
670 3507 760 3562 Samb.
779 3509 811 3562 ia
825 3525 910 3578 marg.
927 3508 932 3578 Ι
948 3508 1143 3562 tantummodo
1159 3508 1204 3580 ΡΙ

189 3577 311 3633 farinam
344 3621 368 3632 ..
383 3579 552 3648 permixtam
567 3579 627 3634 ΡΑ
640 3581 650 3648 ΙΙ
664 3583 698 3632 20
712 3579 810 3649 unum]
825 3580 854 3631 ct
868 3581 896 3633 A
910 3595 973 3632 cum
988 3581 1015 3633 P
1026 3580 1035 3649 ΙΙ
1050 3584 1082 3631 21
1097 3581 1165 3648 poto
1178 3581 1207 3634 A
