2668 3920
516 211 656 268 MVLOM.
676 214 688 266 Ι
709 220 777 268 1-4

362 464 410 529 II.
436 465 515 546 Quot
535 465 601 530 siut
619 485 733 548 ponera
755 465 940 531 morborum.

198 593 379 664 ¹Morborum
397 593 517 670 quidem
535 593 668 654 diversae
687 597 758 654 sunt
776 595 897 670 species,
920 594 971 654 sed
989 615 1047 656 unc
1066 615 1153 674 gene·

140 682 198 740 rali
226 683 370 742 vocabulo
400 685 601 758 continentur,
630 684 708 759 quod
735 684 852 759 antiqui
879 685 991 744 maleus
1018 687 1152 745 nomina·

140 774 257 845 verunt,
271 774 337 847 ipsa
356 773 556 848 appellatione
574 774 637 832 vim
651 772 744 832 cladis
757 773 982 848 periculumque
999 775 1152 834 testantes.

114 880 126 920 e
143 859 219 919 Sunt
237 863 338 920 autem
358 862 469 937 species
487 863 579 920 melei
596 881 718 921 numero
733 865 859 936 septem:
876 862 1024 942 humidus,
1043 863 1153 939 aridus,
1170 865 1187 921 2

141 949 351 1025 subcutaneus
387 951 568 1025 articularis,
598 950 823 1026 elephantiasis,
855 951 1035 1026 subruatis,
1065 952 1153 1010 farei-

140 1040 281 1098 minoeus.
328 1037 421 1116 Signa
443 1040 575 1098 omnium
597 1038 738 1099 dicamus.
792 1117 800 1133 ι

411 1229 481 1294 ΙΙΙ.
504 1228 605 1312 spec
627 1229 728 1294 morbi
749 1229 881 1294 tumidi.

149 1363 150 1366 ’
207 1357 355 1418 Humidus
374 1358 493 1418 morbus
513 1361 566 1434 est,
590 1361 638 1417 cui
660 1357 696 1417 de
714 1358 835 1418 naribus
857 1378 912 1434 pro
931 1361 1024 1419 mucis
1047 1361 1154 1420 humor

100 1470 127 1510 ro
141 1445 245 1506 defluit
264 1448 342 1506 male
361 1449 443 1507 olens
462 1450 493 1506 et
511 1448 631 1523 spissus,
654 1445 751 1507 colore
769 1447 891 1523 pallido.
937 1447 992 1506 His
1011 1421 1154 1526 preferatur

141 1539 240 1612 caput,
263 1537 342 1596 oculi
362 1537 557 1595 lacrimantur
580 1538 611 1594 et
632 1536 739 1596 stridet
760 1538 872 1613 pectus,
895 1537 930 1595 fit
948 1538 1067 1614 gracilis
1085 1538 1153 1597 hor-

140 1626 274 1685 rentibus
296 1625 381 1702 pilis,
409 1626 506 1685 tristis
536 1628 670 1701 aspectu:
702 1643 788 1701 quem
817 1625 997 1702 profluvium
1018 1625 1154 1686 Atticum

140 1717 254 1774 veteres
276 1717 466 1778 vocaverunt.
514 1713 684 1790 Ouicunque
708 1717 808 1773 autem
833 1716 1077 1793 sanguinolentus
1099 1715 1152 1773 hu-

140 1822 206 1862 mor
227 1803 276 1863 vel
299 1822 382 1863 croco
406 1803 512 1864 similis
533 1823 588 1879 per
609 1823 695 1862 nares
718 1803 808 1863 fluere
831 1804 970 1880 coeperit,
991 1805 1054 1863 iam
1074 1807 1153 1864 insa·

100 1914 126 1955 15
140 1892 248 1952 nabilis
272 1895 303 1952 et
324 1893 439 1953 vicinus
463 1894 508 1952 est
530 1893 627 1951 morti.

433 2082 493 2148 IV.
517 2079 618 2164 Siqua
640 2082 740 2147 morbi
762 2082 858 2147 ouidi.

207 2209 319 2271 Aridus
349 2215 450 2270 autem
475 2211 596 2271 morbus
624 2211 671 2270 his
697 2212 868 2289 agnoscitur
897 2211 997 2289 signis.
1042 2211 1152 2271 Nullus

141 2300 170 2358 ei
191 2318 245 2374 per
267 2319 353 2360 nares
372 2318 463 2376 supra
485 2300 607 2359 solitum
625 2300 732 2359 humor
750 2301 877 2374 emanat,
900 2301 1030 2375 suspirat
1052 2302 1153 2358 tamen

141 2390 273 2464 graviter
292 2391 322 2448 et
340 2408 427 2448 nares
447 2388 538 2448 habet
556 2391 699 2457 extensas,
717 2389 772 2447 ilia
793 2388 911 2448 cavebit
928 2389 1103 2448 intrinsecus
1123 2392 1154 2449 et

24 2481 33 2500 ‘
100 2501 128 2540 ro
142 2479 374 2537 contractionem
401 2479 504 2554 spinae
534 2477 733 2553 duritiamque
760 2479 905 2553 patietur,
931 2478 1063 2536 testiculi
1090 2479 1152 2537 eius

141 2566 187 2623 ita
210 2566 452 2644 substringuntur
479 2570 513 2625 ut
541 2585 684 2642 apparere
707 2567 758 2625 vix
786 2568 915 2643 possint,
946 2567 1004 2625 eibi
1025 2569 1152 2644 parcior,

141 2653 263 2714 bibendi
286 2657 475 2731 appetentior
496 2656 577 2714 ultra
595 2675 716 2715 morem.
761 2655 888 2730 Propter
911 2656 991 2730 quod
1012 2657 1152 2732 pulmone

214 2805 321 2861 fichir.
337 2825 360 2860 c.
377 2811 434 2860 168.
490 2805 778 2874 commosset.
836 2811 868 2859 17
888 2805 961 2860 Chir.
977 2823 999 2860 c.
1015 2811 1075 2873 170,
1090 2812 1151 2862 361.
1245 2841 1247 2844 ·

213 2973 229 3019 2
248 2967 392 3036 passiones
406 2969 445 3022 od.
453 2984 497 3036 pr,
511 2985 540 3035 p.
555 2966 590 3020 ab
606 2965 722 3020 occultis
737 2965 839 3034 eapitis
848 2967 876 3020 A
890 2970 1030 3034 papestorpe
1045 2966 1152 3034 species

141 3038 173 3092 F
190 3040 200 3108 ΙΙ
223 3043 238 3091 3
258 3041 364 3093 veteres
382 3041 410 3093 P
427 3038 502 3106 quod
522 3037 557 3092 ab
576 3053 601 3091 a.
615 3056 652 3092 m.
671 3037 847 3091 nominatum
870 3039 913 3090 ee't
930 3038 958 3091 A
980 3038 989 3105 l
1013 3042 1027 3089 7
1048 3055 1068 3090 e.
1084 3053 1108 3090 o.
1125 3037 1151 3090 d.

140 3125 184 3164 om
198 3110 361 3235 {Pmorbue
379 3197 428 3235 om.
443 3180 504 3235 FP
521 3181 530 3250 l
550 3184 582 3233 10
602 3178 692 3233 effluit
709 3178 777 3232 mali
796 3177 889 3232 odoris
908 3180 935 3233 P
952 3178 1024 3234 ouer.
1038 3179 1046 3262 J
1061 3179 1151 3262 Huius
1250 3177 1252 3181 ’

141 3251 182 3305 ed.
193 3269 238 3322 pr.
253 3253 287 3320 cf.
305 3252 377 3307 (Pur.
396 3251 483 3306 habet
500 3253 648 3320 gravatum
667 3267 689 3305 o.
704 3252 733 3304 P
750 3253 759 3320 l
779 3256 811 3303 12
831 3249 1001 3318 superfluum
1018 3252 1152 3306 viaticum

142 3323 170 3377 A
183 3341 211 3392 p.
225 3322 360 3377 viaticum
377 3324 431 3377 vet.
446 3322 572 3376 Atticum
590 3338 647 3375 voc.
663 3323 712 3390 Fu
728 3327 760 3374 13
780 3321 917 3389 quandoc.
936 3322 964 3375 A
982 3322 1021 3376 ed.
1033 3339 1077 3390 pr.

215 3452 247 3501 17
266 3446 367 3501 Tribus
380 3447 425 3500 his
444 3463 469 3500 a.
484 3464 504 3499 e.
521 3395 654 3512 Ρὲτὶἕιιε
670 3447 707 3501 Μ
722 3445 825 3498 Aridus
841 3445 885 3498 his
900 3461 924 3498 e.
940 3463 960 3498 s.
976 3445 1024 3514 Fu
1040 3450 1071 3498 19
1092 3461 1152 3500 cur-

141 3516 277 3644 ζέξέτὲἀ.
288 3535 333 3588 pr.
361 3520 370 3589 ΙΙ
398 3524 431 3572 21
451 3517 543 3571 disetr.
558 3520 586 3572 P
613 3521 617 3588 Ι
641 3517 687 3571 vix
705 3532 804 3586 parere
822 3519 850 3572 P
874 3519 883 3586 ΙΙ
910 3521 943 3568 22
963 3515 1105 3584 appetitus
1123 3515 1150 3568 b.

197 3689 320 3730 Vrouurus
334 3689 368 3728 ed.
383 3688 549 3729 Lommatrsoh.
