2684 3926
179 204 245 268 200
622 203 756 258 VEGE'PI

171 371 261 432 ‘Offas
285 392 403 448 quoque
433 392 468 432 ex
498 373 612 432 duobus
640 375 778 432 sextariis
806 372 922 432 farinae
951 373 1088 431 triticeae
1110 375 1199 430 etex

179 481 238 520 uno
258 465 322 521 ervi
340 463 463 538 pollinis
482 463 583 538 facies,
606 461 713 537 quibus
737 460 913 521 admiscebis
937 479 972 518 ex
995 463 1199 537 suprascripto

179 551 302 626 pulvere
331 553 463 626 quinque
498 552 658 624 coclearia,
689 571 723 608 ex
756 552 834 610 lacte
867 551 958 610 etiam
988 552 1199 625 cuiuscumque

179 642 294 715 peeoris
318 659 384 698 earn
410 659 594 718 consperges.
638 639 775 698 Salutare
800 642 857 711 est,
886 641 912 698 si
935 643 1072 714 septenas
1095 638 1199 698 diebus

179 729 305 808 singulis
328 729 455 807 digeras
480 749 553 804 quas
573 729 683 788 cotidie
706 729 744 788 ad
767 728 967 788 substantiam
990 727 1084 801 dabis,
1107 729 1200 788 donee
1230 747 1243 787 s

145 818 261 878 laibos
284 821 382 877 tentet
413 821 561 894 appetere.
606 817 662 876 Oui
688 837 806 877 omnem
837 836 935 877 escam
964 820 1088 892 propter
1114 818 1198 876 fasti·

180 907 263 965 dium
286 907 412 966 viridem
436 910 555 982 oportet
577 907 690 980 offerri,
721 911 752 965 et
774 908 925 965 contrario
953 907 1127 965 lenticulam
1151 906 1199 965 vel

179 999 315 1056 triticum
345 1015 412 1054 cum
447 996 558 1055 hordeo
593 997 789 1054 torrefactum
824 1015 891 1054 cum
919 996 1007 1070 palea
1037 995 1134 1068 dabis,
1165 997 1200 1053 ut

181 1084 328 1161 quidquid
342 1105 377 1144 ex
397 1085 572 1144 diversitate
587 1085 718 1143 ciborum
739 1086 869 1144 voluerit
886 1085 985 1162 eligat.
1015 1083 1076 1143 Lac
1098 1088 1199 1142 tamen

180 1194 281 1234 recens
301 1175 411 1234 cotidie
429 1177 457 1233 ei
476 1177 615 1234 convenit
634 1174 707 1232 dari.
744 1174 924 1233 Deambulet
946 1173 1124 1248 plurimum,
1147 1172 1200 1231 ubi
1216 1194 1243 1232 ro

181 1265 312 1339 coeperit
340 1265 556 1338 convalescere,
588 1264 626 1321 ad
657 1265 831 1323 exercitium
858 1263 1041 1321 revocandus
1072 1265 1124 1322 est.
1167 1262 1200 1320 Si

181 1354 228 1411 lac
251 1353 393 1427 defuerit,
424 1372 546 1427 aquam,
568 1354 601 1411 in
632 1372 692 1427 qua
722 1371 825 1411 ervum
854 1352 937 1427 prius
967 1351 1064 1410 lotum
1093 1351 1141 1410 die
1165 1369 1200 1410 ac

147 1445 267 1502 dnocte
290 1445 501 1517 permanserit,
530 1442 615 1500 dabis
639 1443 666 1500 ei
693 1442 802 1500 bibere.
844 1441 879 1498 In
908 1459 998 1500 causa
1025 1441 1200 1516 pulmonum

181 1533 216 1589 de
240 1533 353 1589 cervice
377 1531 425 1589 vel
448 1531 484 1589 de
507 1532 611 1606 palato
633 1531 679 1589 bis
704 1533 826 1607 sanguis
850 1531 992 1603 aufertur,
1016 1529 1123 1604 quibus
1146 1548 1200 1588 nec

181 1619 337 1679 fastidium
363 1619 462 1678 evenit
481 1623 511 1678 et
533 1621 660 1678 fortiora
679 1621 751 1678 sunt
769 1638 902 1694 corpora.
942 1616 1060 1678 Cineres
1080 1638 1242 1694 quoquere

181 1710 254 1766 ulmi
278 1710 335 1767 loti
358 1712 389 1767 et
410 1709 504 1766 infusi
526 1709 558 1766 in
582 1727 661 1784 aqua
684 1728 751 1767 oum
780 1710 849 1766 vino
873 1710 969 1766 veteri
992 1711 1106 1782 optimo
1130 1707 1198 1766 odo-

180 1801 247 1856 rato
277 1799 413 1858 heminas
444 1799 577 1876 singulas
607 1798 743 1858 miscebis
774 1801 804 1856 et
834 1797 925 1858 dabis.
974 1795 1086 1864 Quodsi
1113 1797 1199 1858 vohe-

181 1889 311 1946 mentius
334 1887 492 1946 vexabitur
514 1891 546 1946 et
569 1887 724 1965 aegritudo
747 1889 901 1946 transierit
923 1889 956 1944 in
979 1887 1128 1946 morbum:
1151 1907 1198 1946 ra-

182 1977 277 2034 dicem
311 1977 443 2054 lentisci,
475 1978 552 2036 tuns
586 1977 684 2035 drach.
713 1977 752 2051 Il,
784 1997 902 2035 murrae
935 1976 1034 2034 drach.
1063 1977 1086 2050 I,
1120 1980 1199 2036 croci

146 2068 164 2124 6
181 2085 308 2126 semunc.
334 2069 452 2126 contere
471 2066 631 2146 diligenter
654 2070 684 2125 et
703 2067 838 2127 suffunde
858 2085 925 2125 cum
943 2067 1022 2126 vinc.
1070 2066 1145 2125 Sunt
1168 2068 1199 2124 et
1213 2087 1241 2125 so

180 2160 240 2218 ista
262 2158 406 2218 remedia:
429 2178 489 2218 uva
509 2157 578 2216 alba
600 2159 632 2216 in
651 2178 701 2217 ore
724 2160 794 2233 equi
813 2160 983 2233 frequenter
1007 2158 1197 2231 exprimetur,

181 2267 280 2307 semen
302 2249 412 2306 radicis
436 2247 526 2306 datur
548 2249 580 2304 in
603 2249 683 2321 vino,
707 2248 884 2325 amygdalae
910 2247 1004 2305 frixae
1028 2263 1095 2303 cum
1119 2263 1198 2319 aqua

181 2338 352 2396 offerimtur.
407 2335 465 2395 Sed
495 2339 540 2396 est
574 2337 634 2395 alia
665 2336 813 2394 efficacior
844 2337 941 2410 potio:
977 2334 1199 2394 cardamomum
1280 2349 1281 2352 ’

253 2443 361 2524 reba.
378 2444 400 2525 e.
417 2475 476 2526 sev.
570 2476 601 2522 11
623 2467 696 2526 thir,
713 2487 735 2526 e.
752 2475 811 2525 ece.
906 2473 936 2520 iv
958 2469 1031 2521 thir.
1048 2487 1069 2522 ο,
1087 2473 1146 2524 evo.

181 2548 215 2596 es
235 2541 309 2595 chir.
324 2559 345 2594 e.
363 2547 423 2597 eu.

212 2638 261 2658 -ν-ερ
264 2638 341 2649 W-

290 2673 319 2730 et
337 2689 363 2728 u.
385 2673 507 2729 sextario
531 2676 570 2729 ed.
582 2692 626 2743 pr.
660 2675 669 2742 11
697 2679 712 2726 2
732 2671 813 2726 berbi
832 2671 948 2740 pollinis
973 2673 1001 2724 et
1024 2669 1126 2724 fascios
1146 2671 1173 2723 A
1192 2669 1202 2740 11

183 2750 253 2803 3ex
270 2747 362 2800 l.—-4
381 2751 424 2800 est
443 2764 493 2801 om.
509 2747 605 2814 edpr.
625 2762 694 2813 qaae
718 2744 767 2798 sed
787 2745 857 2812 sept.
902 2747 905 2809 1
949 2759 983 2796 ex
1006 2743 1097 2794 latere
1115 2740 1201 2812 [laete
1234 2752 1236 2756 ’

183 2825 241 2888 tere
262 2819 300 2891 G]
319 2821 348 2872 et
367 2835 389 2870 o.
405 2818 526 2886 pectoris
546 2834 640 2886 consp.
655 2818 682 2872 A
696 2818 736 2885 114
755 2817 824 2883 sept.
840 2813 941 2870 offulas
961 2815 1000 2868 ed.
1012 2831 1049 2882 pr
1072 2815 1111 2880 115
1131 2827 1201 2878 quas

183 2893 272 2949 cm.A
286 2894 296 2960 11
310 2895 324 2942 7
340 2889 457 2942 viridem
472 2890 560 2943 orreL
574 2889 747 2942 bebetetc'am
760 2888 831 2941 Obir.
850 2890 853 2955 1
870 2886 1041 2938 continqu
1055 2886 1064 2952 11
1078 2889 1095 2937 8
1109 2883 1154 2936 vel
1167 2886 1201 2935 tr.
1282 2907 1286 2914 ¹

183 2963 289 3017 hordeo
311 2961 495 3016 torrefactum
514 2962 541 3014 L
564 2960 608 3013 vel
634 2960 734 3012 tritum
759 2974 823 3010 cum
842 2958 868 3009 h.
888 2956 1074 3010 torrefactum
1093 2956 1120 3008 A
1139 2971 1201 3007 cum

184 3035 279 3089 tritico
298 3033 343 3086 vel
361 3032 387 3086 h.
407 3030 560 3086 torrefacto
580 3032 619 3085 ed.
631 3049 675 3099 pr.
708 3033 717 3100 11
751 3028 905 3082 9voluerit
923 3045 973 3082 om.
991 3029 1016 3080 L
1043 3029 1052 3095 11
1081 3027 1201 3106 iddare

184 3107 223 3160 ed.
237 3122 280 3173 pr.
299 3109 302 3175 1
318 3105 441 3172 primum
454 3103 534 3157 cese.
550 3105 559 3171 11
575 3109 607 3154 13
623 3102 648 3154 d.
665 3101 695 3154 in
709 3103 777 3169 potu
792 3101 830 3154 ed.
839 3118 883 3168 pr.
896 3101 923 3153 A
937 3101 1024 3168 (poto)
1041 3102 1045 3166 1
1061 3097 1202 3166 pulmoms

187 3179 214 3231 A
233 3176 263 3228 in
283 3176 362 3228 cuius
378 3191 394 3228 a
408 3174 573 3243 pulmonum
588 3173 613 3226 L
628 3176 637 3240 11
653 3179 685 3226 16
705 3173 753 3226 sed
768 3171 787 3222 f.
803 3172 842 3224 ed.
855 3189 899 3239 pr.
914 3172 923 3238 11
939 3176 971 3223 16
991 3171 1020 3222 in
1039 3186 1089 3223 om.
1105 3169 1145 3224 cd.
1157 3186 1201 3236 pr.

185 3252 212 3303 A
240 3249 249 3316 11
278 3253 311 3300 18
330 3265 354 3299 v.
370 3262 445 3315 eegr.
461 3247 491 3298 et
507 3249 542 3299 tr.
558 3244 584 3296 L
602 3248 734 3298 vexatum
759 3242 937 3311 aegritudine
956 3239 1088 3294 transivit
1106 3241 1146 3294 ed.
1158 3255 1202 3306 pr.

185 3317 333 3371 vexabitur
352 3317 505 3386 aegretudo
523 3316 656 3369 transivit
674 3317 702 3370 A
722 3319 727 3384 1
747 3314 851 3366 radicis
870 3313 887 3366 l.
908 3313 1043 3376 drachm,
1061 3314 1081 3364 t.
1101 3309 1203 3364 unali

186 3391 281 3470 ed3pr.
306 3390 315 3454 11
339 3393 372 3440 19
385 3386 501 3468 ⁸enecari
520 3387 560 3441 ed.
571 3404 616 3469 pr.
632 3389 658 3440 A
673 3389 681 3454 11
696 3392 730 3439 20
750 3402 813 3438 eum
831 3402 855 3436 v.
876 3383 1003 3466 diffunde
1021 3385 1049 3437 A
1071 3386 1080 3451 11
1104 3388 1136 3434 21
1156 3397 1204 3462 exj

187 3455 912 3594 11111111111111111111111
936 3455 1203 3579 1111111111

187 3598 293 3668 yringii
312 3599 405 3652 casiae
425 3614 480 3650 ana
499 3615 561 3651 une.
577 3597 602 3650 Π
621 3598 773 3651 cinomomi
792 3597 910 3650 storacis
929 3613 984 3650 ana
1004 3596 1092 3648 uncI
1111 3597 1140 3651 P
