2684 3926
200 215 267 279 238
642 216 778 270 mim

203 449 344 514 CXLII.
368 449 407 515 Si
429 451 599 533 ὑψώθη
618 451 781 516 wmederit
803 453 837 514 in
857 453 952 533 suono
974 452 1021 516 od
1042 455 1078 515 is
1093 453 1224 534 patulo.

93 571 237 668 ξιξζξζ
282 579 460 656 Buprestem
482 583 508 640 si
530 581 693 640 comederit
713 584 747 639 in
769 582 858 640 faeno
880 583 928 639 vel
951 584 983 639 in
1004 581 1126 658 pabulo,
1146 582 1224 640 haee

238 672 326 728 erunt
353 672 454 748 signa:
483 673 588 730 statim
617 671 646 728 ei
674 675 780 728 venter
804 670 941 744 inflatu,
971 690 990 729 a
1018 671 1086 730 uto
1113 672 1223 748 muniit,

200 763 331 817 meon
348 761 522 818 minutatim
542 768 573 818 et
595 761 768 834 fi'equeuter
788 759 896 818 reddit
941 758 1000 828 Qui
1018 763 1122 818 statim
1145 765 1221 818 ster·

198 847 671 926 nendusesteteogendussd
698 868 825 907 cursum
870 848 1267 908 Postvunaeiustau·s

198 936 295 1016 geuda
313 944 359 996 est
376 937 485 996 leviter
502 937 539 996 de
556 938 670 1014 palato,
688 946 723 995 ut
741 938 918 1014 sanguinem
936 957 1022 997 suum
1041 937 1220 996 defluentem

197 1025 407 1104 transglutiat,
437 1026 556 1085 assidue
583 1027 767 1099 deambulet,
795 1029 932 1085 triticum
960 1046 1029 1085 cum
1058 1045 1147 1104 passo
1173 1029 1220 1084 in·

198 1115 297 1174 furum
315 1117 346 1174 et
367 1133 473 1192 porros
491 1115 595 1175 oderes
618 1115 657 1174 ad
675 1115 844 1174 cibandum.
883 1115 997 1173 Vinum
1015 1121 1116 1174 nutem
1137 1120 1220 1191 tepe—

198 1205 311 1262 sactum
334 1223 402 1262 enm
429 1223 489 1263 uva
511 1223 601 1280 passa
628 1205 789 1281 diligenter
815 1205 926 1263 detrita
953 1205 990 1262 sd
1019 1224 1111 1264 cornu
1132 1205 1219 1263 dubis

197 1293 229 1350 in
252 1297 335 1370 potu.
1236 1315 1264 1353 ro

351 1447 514 1513 CXLIII.
537 1447 576 1512 Si
598 1451 706 1530 uipera
722 1452 910 1530 pernoseit
930 1449 1063 1512 animal.

89 1567 234 1664 ffigffl
278 1575 390 1653 Vipera
429 1581 455 1637 si
494 1577 689 1637 momorderit
723 1581 905 1651 iumentum,
941 1598 976 1637 ex
1016 1597 1118 1636 morsu
1153 1580 1218 1637 eius

233 1684 290 1741 pus
324 1669 480 1726 consuevit
508 1669 595 1726 exire.
650 1668 729 1726 Nam
758 1667 784 1726 si
815 1686 984 1746 praegnans
1016 1671 1087 1742 erit,
1117 1670 1217 1726 totum

195 1757 352 1830 rumpetur
380 1774 495 1832 eorpus.
540 1755 589 1814 Ad
617 1775 750 1814 morsum
776 1761 877 1814 tamen
904 1759 1026 1831 viperae
1053 1757 1102 1814 vel
1128 1757 1217 1832 spha-

196 1843 345 1920 laugionis
363 1847 417 1903 aut
434 1846 528 1904 mun's
552 1848 654 1903 menei
677 1863 832 1903 oommnne
849 1845 1013 1903 remedium
1036 1849 1082 1904 est
1103 1848 1259 1905 terramus

197 1933 389 1992 formicarum
407 1952 475 1992 eum
493 1935 563 1992 vino
581 1935 705 1993 miseere
724 1937 755 1992 et
773 1934 844 1992 dure
862 1955 916 2010 per
933 1934 1043 2009 fauces,
1064 1937 1118 1994 aut
1136 1939 1216 1993 uerte

196 2021 232 2081 de
254 2023 322 2098 ipsa
344 2027 425 2082 terra
443 2024 685 2098 frequentissime
706 2024 832 2082 vulnera
853 2025 1023 2082 confricare.
1069 2023 1119 2082 Ad
1141 2042 1215 2098 quus

196 2130 301 2170 causas
336 2114 429 2172 etiam
464 2117 546 2172 term
581 2113 734 2188 talparum
775 2113 906 2171 creditur
942 2130 1028 2191 posse
1066 2112 1214 2188 prodesse.

161 2199 307 2270 tQuodsi
330 2203 362 2260 in
386 2202 494 2261 itinere
517 2204 624 2261 autin
647 2202 735 2277 loeis,
762 2201 814 2260 ubi
837 2202 916 2260 desit
938 2202 1025 2278 eopia
1046 2205 1215 2279 pigmento·

195 2309 274 2364 mm,
303 2291 463 2351 necessitas
492 2292 553 2350 ista
580 2293 754 2368 eontigerit,
783 2293 896 2368 piperis
919 2291 985 2348 triti
1015 2309 1110 2369 granu
1131 2289 1213 2348 XXX
1228 2312 1256 2350 so

195 2397 264 2437 oum
287 2383 358 2438 sext,
382 2379 447 2438 vini
468 2382 578 2440 veteris
600 2381 751 2456 tepefacto
775 2378 910 2438 faucibus
939 2379 1067 2458 digeres3
1090 2378 1213 2437 herbam

196 2486 313 2543 quoque
335 2467 472 2545 thymum
491 2470 597 2527 tritam
620 2487 688 2528 oum
706 2471 777 2528 vino
796 2470 822 2528 si
843 2469 968 2542 dederis,
990 2468 1129 2545 prodesse
1151 2487 1214 2527 ere·

194 2555 284 2614 ditur.
329 2557 446 2616 Morsus
479 2557 599 2633 viperee
634 2558 683 2616 vel
711 2559 915 2632 cuiuscunque
946 2557 1092 2634 serpentis
1114 2559 1212 2616 osteu-

265 2748 281 2796 2
301 2741 375 2799 chit,
390 2761 412 2798 o.
428 2749 489 2799 106.
591 2751 623 2798 12
642 2744 717 2799 Chire
732 2761 754 2799 o.
770 2750 830 2800 514.
932 2751 965 2797 14
984 2743 1044 2802 Pel.
1057 2761 1080 2798 c.
1096 2749 1155 2798 283.

195 2819 227 2870 19
247 2813 304 2869 Pel.
320 2832 343 2869 e.
359 2819 419 2869 284.

266 3000 279 3047 1
299 2992 459 3064 bustrepem
479 2995 518 3048 ed.
531 3011 575 3064 pr.
601 2997 605 3062 ι
630 2993 675 3048 vel
693 2994 722 3046 iu
741 3012 769 3064 p.
789 3010 839 3047 om.
855 2993 894 3048 ed.
906 3011 951 3062 pr.
966 2994 1027 3047 AP
1046 2997 1056 3062 ι
1079 2992 1210 3062 2Equus

193 3065 215 3119 si
231 3064 257 3119 b.
273 3065 314 3120 ed,
328 3081 372 3134 pr.
388 3065 449 3120 ΑΡ
459 3068 469 3134 ιι
483 3070 499 3118 3
513 3065 584 3120 hseo
604 3083 624 3118 s.
640 3065 737 3118 stetim
751 3067 915 3133 sequuntur,
933 3067 1030 3118 venter
1043 3065 1083 3118 ed.
1094 3081 1139 3134 pr.
1155 3065 1183 3119 A
1202 3066 1207 3136 ι

193 3135 264 3192 cibis
275 3136 315 3192 ed,
321 3154 366 3207 pr.
377 3138 438 3192 AP
449 3139 458 3206 ιι
472 3143 488 3191 5
503 3135 541 3189 od
550 3153 600 3192 om.
611 3137 638 3192 L
654 3139 658 3206 ι
674 3137 701 3192 ei
714 3152 786 3200 vens
800 3137 890 3207 «ιρι.
902 3137 929 3190 A
943 3140 952 3205 ι
967 3141 982 3189 ’1
1001 3139 1035 3188 tr.
1051 3152 1134 3206 posso
1145 3138 1208 3204 (sic)

191 3242 209 3296 i.
225 3243 252 3296 n
274 3246 283 3312 ι
306 3247 322 3296 e
341 3241 440 3297 afferes
459 3244 499 3298 eu.
511 3259 555 3312 pr.
571 3244 632 3298 Ae
658 3247 668 3311 ιι
693 3249 709 3296 e
728 3225 862 3296 nemrim
881 3243 907 3295 n
925 3242 995 3296 tnta
1012 3244 1041 3297 Ρ
1058 3242 1208 3296 onerum

192 3313 232 3368 Μ’
244 3315 451 3439 Piliuordebit
465 3385 491 3438 L
505 3387 514 3454 ιι
530 3391 562 3440 13
576 3388 642 3455 post
651 3402 705 3455 pro
717 3403 772 3454 pus
782 3385 840 3439 LA
854 3388 864 3454 ιι
878 3392 912 3440 11
925 3383 1074 3455 phulengii
1087 3385 1127 3439 ed.
1139 3402 1184 3453 pr.
1198 3385 1208 3457 ιι

193 3457 226 3507 17
245 3453 355 3508 vulvam
373 3457 413 3510 ed.
424 3473 469 3526 pr.
484 3459 493 3526 ιι
509 3462 542 3510 18
561 3459 590 3510 et
607 3459 714 3510 terreto
731 3456 873 3527 lippesum
891 3459 919 3511 A
939 3459 950 3525 ιι
968 3462 1001 3510 1⁹
1019 3455 1207 3510 fomentorum

191 3525 232 3580 od.
243 3541 287 3594 pr.
301 3526 445 3596 pigrorum
460 3530 488 3582 A
501 3531 511 3596 ιι
525 3531 559 3582 20
577 3528 718 3598 contingit
730 3529 770 3583 ed.
782 3545 826 3596 pr.
841 3529 869 3582 A
885 3530 889 3596 ι
905 3527 967 3581 triti
980 3545 1030 3583 om.
1046 3528 1085 3582 ed.
1097 3544 1142 3596 pr.
1156 3528 1184 3581 A
1198 3527 1207 3599 ιι

192 3600 224 3649 21
246 3597 275 3649 et
293 3593 581 3668 h.t.ed.pr.A1122
600 3602 701 3667 typum
718 3599 817 3669 Lll2tl
835 3599 879 3654 vel
898 3600 1066 3654 onomA
