2668 3920
208 240 249 302 14
645 237 779 292 vasari
835 207 837 210 ’

175 412 277 468 9oura
295 407 422 480 nutabit,
446 408 472 466 si
490 425 582 485 genus
600 407 746 483 passionis
765 409 891 484 ignores.
933 407 979 465 Ex
996 408 1080 465 inani
1098 424 1218 482 persua·
1318 377 1330 492 l

204 499 287 556 sione
310 497 386 555 illud
409 498 567 573 generatur
584 496 812 571 incommodum,
835 499 869 554 ut
891 495 1114 556 honestissimus
1139 497 1217 570 quis·

204 605 260 661 que
284 585 513 645 erubescendum
536 605 570 644 ao
593 586 652 644 vile
676 584 778 643 eredat
795 587 995 643 iumentorum
1017 602 1102 642 nosse
1125 584 1217 642 medi·

204 677 309 734 uiuam.
355 674 490 732 Primum
512 675 624 732 nullius
647 676 691 732 rei
714 674 839 732 seientia
861 673 931 732 vilis
955 676 1006 732 est.
1048 674 1128 731 Nam
1151 691 1218 730 oum
1318 699 1321 706 ¹

202 765 404 822 inhumanae
427 765 507 822 vitae
527 765 749 822 conversatione
771 762 852 821 aliud
875 761 1049 839 fugiendum
1073 764 1113 821 sit
1136 761 1217 820 aliud
1247 785 1267 826 5-

202 872 272 912 vero
303 852 499 929 sequendum,
533 871 593 911 non
623 853 667 910 est
695 852 828 926 perfecta
857 851 1018 926 sapientia,
1053 851 1111 910 nisi
1142 869 1217 925 quae

151 944 192 1016 10
203 943 363 1017 utrumque
377 943 557 1018 cognoverit.
594 939 717 1015 Deinde,
736 941 802 1017 quis
822 940 971 999 existimet
989 939 1217 999 erubescendum

202 1031 295 1089 talem
317 1031 469 1107 peritiam,
499 1049 576 1105 quae
601 1031 710 1088 damna
733 1027 927 1088 submoveat?
967 1029 1046 1087 Nam
1075 1029 1151 1087 siout
1172 1028 1217 1085 in-

202 1119 360 1178 columitas
382 1119 585 1178 iumentorum
611 1118 702 1177 habet
724 1119 852 1193 luorum,
881 1119 925 1176 ita
953 1137 1056 1176 eorum
1078 1117 1216 1175 interitus

202 1209 306 1267 afferre
336 1208 456 1268 videtur
489 1207 723 1281 incommodum,
757 1207 932 1282 praesertim
962 1225 1028 1265 oum
1058 1205 1216 1280 mancipia,
1232 1232 1258 1270 10

203 1316 329 1373 quorum
351 1297 467 1373 plebeia
486 1297 602 1356 curatio
625 1316 685 1355 non
706 1299 838 1373 putatur,
861 1315 948 1371 saepe
971 1295 1127 1354 vilioribus
1151 1314 1216 1369 pre-

151 1386 252 1445 litiis
271 1406 362 1462 quam
381 1386 451 1462 equi
469 1387 636 1445 vendantur
651 1389 703 1444 ant
720 1385 804 1444 muli.
845 1385 998 1444 Postremo
1018 1385 1096 1443 oiroa
1114 1402 1216 1459 equoS,

203 1477 264 1534 sive
284 1475 322 1533 ad
344 1475 492 1534 vehendos
515 1475 678 1550 locupletes
698 1478 784 1550 aptos
808 1474 919 1532 sivein
939 1473 1009 1532 oiroi
1028 1472 1215 1532 contentione
1328 1469 1330 1486 '

201 1564 329 1624 viotores
349 1565 461 1623 sivein
483 1563 605 1640 proeliis
623 1567 657 1621 ut
675 1565 719 1621 ita
738 1564 862 1621 dixerim
881 1562 1105 1638 probatissimos
1124 1561 1215 1620 bella-

201 1657 295 1726 tores,
318 1653 495 1712 aoerrimum
519 1651 651 1710 studium
675 1671 864 1727 amoremque
892 1654 1009 1709 constat
1036 1669 1098 1709 esse
1122 1651 1255 1715 domi-15

201 1761 315 1800 norum.
366 1741 429 1800 Neo
459 1741 609 1800 immerito
644 1740 795 1815 voluptati
826 1743 930 1798 natum
963 1741 1075 1798 animal
1108 1739 1214 1798 salutis

150 1833 189 1888 12
201 1829 331 1908 gratiam
363 1833 495 1888 meretur
527 1830 564 1888 ab
596 1830 721 1888 homine.
769 1828 840 1897 Quis
873 1832 974 1887 autem
1010 1847 1096 1887 nosse
1128 1846 1214 1886 ouras
1317 1827 1324 1843 ’

200 1919 399 1977 iumentorum
436 1918 666 1977 erubescendum
697 1920 797 1993 putet,
835 1937 902 1976 oum
935 1919 1049 1992 optima
1080 1918 1214 1975 iumenta

199 2007 308 2065 habere
332 2007 494 2084 gloriosum
518 2006 576 2066 sit?
618 2007 690 2076 Quis
718 2009 908 2081 vituperatur
934 2006 966 2063 id
991 2023 1077 2081 posse
1101 2025 1213 2080 curare,

149 2100 188 2157 13
201 2097 281 2172 quod
310 2097 394 2154 laudi
424 2096 543 2154 duoitur
572 2093 742 2173 possidere?
788 2096 876 2154 Forte
907 2114 997 2170 opera
1026 2097 1092 2170 ipsa
1118 2095 1212 2153 mulo·
1227 2121 1254 2159 20

199 2187 380 2244 medicorum
402 2186 521 2246 videtur
539 2186 689 2259 abiectior,
713 2186 821 2243 notitia
844 2187 945 2242 autem
969 2184 1131 2242 curationis
1154 2202 1213 2242 non

199 2276 296 2334 solum
318 2275 547 2351 honestissimis
574 2275 625 2333 sed
653 2274 744 2332 etiam
771 2272 973 2333 disertissimis
1001 2275 1151 2348 convenit,
1178 2275 1213 2330 ut

198 2365 367 2439 provisione
401 2367 431 2422 et
463 2364 649 2422 ordinatione
682 2363 796 2421 sollerti
829 2363 940 2420 ouratis
973 2361 1150 2420 animalibus
1183 2364 1213 2420 et

1329 2309 1330 2360 l

1329 2363 1330 2406 l

1325 2425 1330 2460 v

271 2556 284 2602 1
305 2550 432 2604 narrabit
453 2569 539 2621 mary.
558 2549 682 2603 mutabit
699 2551 727 2602 A
745 2549 859 2602 nutabit
877 2549 913 2602 al.
932 2549 1044 2602 vacabit
1063 2549 1093 2601 F
1107 2547 1212 2602 uitabit

198 2622 226 2675 P
237 2623 309 2690 (sacr.
319 2621 443 2690 vacabit)
454 2624 491 2676 M
503 2623 606 2692 (marso
619 2621 743 2690 nutabit)
759 2624 763 2688 Ι
780 2637 808 2674 se
823 2639 849 2690 g.
859 2638 886 2689 p.
900 2620 1008 2689 ignori.
1023 2662 1043 2673 ..
1056 2620 1090 2673 L.
1100 2619 1211 2689 ignores

198 2693 228 2745 F
242 2693 354 2761 ignoret
367 2694 399 2746 P.
420 2693 564 2762 ignoretur
582 2692 621 2745 ed.
633 2708 677 2760 pr.
693 2692 918 2762 ingenerationes
933 2693 960 2745 A
977 2694 980 2760 Ι
997 2691 1042 2761 ex]
1062 2691 1148 2744 etiam
1160 2690 1189 2743 ‘A

197 2769 213 2814 2
233 2763 438 2817 eruditissimus
453 2764 481 2817 P
496 2763 523 2816 h.
539 2763 744 2818 eruditissimus
759 2764 790 2817 F
799 2767 809 2832 ΙΙ
823 2768 838 2814 3
854 2765 943 2817 esseP
954 2764 963 2831 ΙΙ
978 2769 993 2816 ὁ
1008 2762 1038 2814 in
1052 2763 1116 2816 aad.
1132 2762 1191 2815 LP

198 2839 213 2887 6
229 2835 370 2903 sapientia
382 2834 409 2887 L
422 2834 525 2903 peritia
539 2836 610 2905 vulp.
629 2837 632 2906 l
648 2834 704 2887 nisi
717 2837 835 2902 utroque
853 2833 966 2902 cognito
976 2835 1009 2888 P.
1025 2833 1074 2902 qui
1087 2836 1209 2899 utrumq.

197 2907 224 2959 L
243 2908 290 2975 qai
309 2907 437 2961 lucanam
449 2907 529 2960 babet
542 2923 625 2974 usqae
639 2906 677 2961 ad
691 2923 712 2960 e.
727 2911 770 2960 12.
790 2908 910 2975 utraque
924 2906 995 2974 vulp.
1011 2919 1084 2970 qnae
1101 2919 1150 2957 om.
1161 2904 1192 2957 F

198 2983 212 3029 ‘1
228 2977 380 3030 extimetA
394 2979 403 3046 ιΙ
418 2982 433 3030 9
448 2977 619 3030 habentibus
629 2977 657 3030 P
669 2979 765 3032 matese
780 2993 875 3030 eorum
888 2977 898 3044 ll
913 2981 945 3028 12
956 2992 979 3028 o.
995 2991 1017 3029 e.
1033 2991 1083 3029 om.
1095 2975 1134 3028 ed.
1145 2991 1191 3043 pr.
1315 3009 1325 3028 a

197 3053 230 3101 13
245 3048 404 3102 vendendos
421 3049 500 3118 AF!
516 3048 628 3102 habitos
645 3049 673 3102 P
690 3050 770 3117 aptos
785 3048 811 3100 h.
827 3049 858 3101 F
868 3049 877 3116 l
892 3053 925 3100 14
940 3046 1032 3099 dicam
1046 3045 1092 3115 F!
1108 3045 1210 3113 proba·

195 3119 299 3172 tissimi
312 3120 340 3173 P
358 3118 393 3172 al.
411 3119 615 3188 promtissimos
629 3122 657 3175 A
675 3121 707 3172 ia
719 3137 805 3190 maru.
829 3120 839 3187 ΙΙ
862 3123 895 3170 15
915 3117 1135 3184 acerrimumque
1150 3116 1209 3170 FA

196 3193 261 3260 (que
280 3207 329 3245 om.
347 3190 383 3261 G)
400 3191 403 3262 l
421 3206 541 3258 amoreq.
557 3192 585 3245 P
596 3207 612 3245 o
625 3208 693 3245 eras.
711 3193 714 3259 Ι
732 3190 812 3260 esse]
832 3189 936 3242 habere
958 3189 997 3242 ed.
1009 3205 1053 3256 pr.
1076 3190 1085 3256 ll
1107 3193 1140 3240 16
1160 3189 1210 3238 aut

196 3261 281 3315 saluti
300 3263 339 3315 ed.
355 3279 395 3329 pr.
411 3264 439 3317 P
450 3279 517 3317 corr.
532 3261 572 3317 P²
589 3264 598 3332 ΙΙ
618 3267 651 3315 18
670 3262 753 3330 putat
766 3261 826 3314 FA
845 3263 925 3326 (corr.
941 3258 994 3327 A¹)
1011 3260 1048 3312 M
1062 3259 1143 3326 putet
1162 3257 1210 3329 Ρη

197 3338 229 3386 19
244 3331 308 3386 hab.
323 3333 390 3387 ium.
405 3336 433 3388 P
447 3334 451 3405 Ι
467 3332 667 3402 vituperationi
686 3333 735 3384 det
752 3332 791 3385 eol.
807 3349 847 3399 pr.
866 3331 1009 3398 vituperat
1026 3329 1057 3382 id
1075 3327 1209 3397 possibile

196 3404 288 3458 curari
301 3406 371 3459 PM
381 3408 390 3474 Η
405 3410 438 3458 20
453 3405 556 3458 dieitur
575 3405 602 3458 A
618 3407 621 3472 Ι
637 3404 732 3457 forsan
745 3402 809 3471 ipsa
827 3418 851 3455 o.
871 3402 911 3456 ed.
922 3419 967 3470 pr.
983 3402 1010 3455 A
1023 3403 1033 3470 ΙΙ
1046 3406 1079 3453 21
1099 3400 1209 3453 videtur

195 3476 226 3529 F
236 3476 276 3529 ed.
287 3494 331 3544 pr.
351 3475 480 3530 videatur
494 3478 521 3529 A
540 3475 688 3528 videbatur
703 3476 740 3528 M
756 3473 897 3527 videbitur
910 3474 938 3526 P
960 3474 965 3542 Ι
991 3471 1112 3526 abiectio
1127 3472 1206 3545 AFl

195 3565 252 3602 non
266 3564 286 3600 s.
301 3548 327 3600 h.
345 3547 393 3600 sed
408 3564 430 3602 e.
447 3563 496 3601 om.
511 3549 543 3612 P,
562 3545 612 3599 sed
627 3561 649 3598 e.
665 3544 716 3597 dis.
734 3561 784 3598 om.
799 3545 863 3598 AF
872 3546 881 3612 ΙΙ
896 3549 929 3598 22
943 3544 993 3598 ubi
1008 3546 1046 3598 M
1056 3546 1065 3614 ΙΙ
1080 3549 1113 3596 23
1133 3542 1208 3596 solli-

196 3617 246 3672 citi
265 3621 392 3672 auctores
406 3619 432 3672 A
449 3621 528 3683 (eorr.
544 3615 596 3682 A¹)
617 3614 720 3668 soliciti
739 3615 843 3668 curatis
858 3616 904 3685 F!
922 3617 950 3670 et
969 3614 1007 3686 d]
1028 3616 1057 3670 et
1075 3633 1126 3670 om.
1142 3616 1168 3668 A
