2668 3920
146 255 168 318 4
591 251 727 307 VEGETI

148 425 190 482 26
215 424 259 481 De
283 423 329 481 his
349 421 403 497 qui
421 422 565 498 ungulam
584 440 631 480 co·
686 423 729 480 40
751 421 796 480 De
838 421 1007 496 aqualiculo
1051 421 1071 478 i.
1108 423 1167 479 sto·

215 514 301 590 gunt,
333 511 480 586 quomodo
510 512 631 588 sanguis
751 510 864 568 macho.

215 601 348 659 tollatur.
685 601 725 657 41
751 599 796 656 Β3
824 598 888 656 3310
916 601 946 656 33
973 598 1031 656 coli
1058 596 1167 657 dolore.

150 691 190 748 27
216 689 260 748 De
300 688 498 765 opisthotonis
538 688 631 747 vulsis
686 689 727 746 42
753 685 830 744 (lura
853 688 1029 764 longanonis
1055 690 1085 745 et
1107 687 1167 745 ilei.

215 778 315 837 colicis
339 777 501 854 strophosis
525 776 631 852 etqui
686 778 728 835 43
754 774 867 834 Causae
887 777 916 834 et
937 795 1024 834 curae
1043 775 1166 850 strophi.

98 887 104 896 “
214 867 316 926 morbo
327 865 631 941 subrenalitenentur,
686 866 728 923 44
751 864 796 923 De
810 864 962 923 lumbricis
977 864 1067 927 cossis
1079 863 1167 923 tineis

214 954 629 1032 undesanguistollendussit.
751 956 781 1012 et
803 953 956 1028 pediculis.

150 1046 190 1103 28
215 1045 260 1103 Β3
291 1046 407 1102 ratione
443 1043 502 1102 foci
539 1045 630 1118 atque
685 1043 726 1101 45
750 1042 795 1100 De
825 1041 971 1117 clysteriis
999 1041 1037 1100 ad
1067 1060 1169 1101 curem

215 1132 347 1192 cauterii.
750 1129 962 1189 lumbricorum
972 1133 1002 1189 et
1010 1124 1167 1199 tinearum.

150 1224 191 1280 29
215 1223 260 1280 De
284 1223 420 1298 passione
439 1224 469 1278 et
488 1223 565 1280 curis
587 1221 629 1279 fe·
684 1221 725 1279 46
749 1219 795 1278 De
818 1219 973 1279 calculosis
996 1218 1144 1281 iumentis.

214 1310 320 1369 brium.
683 1311 725 1368 47
749 1308 794 1367 Β3
818 1309 1018 1386 emphragma.

150 1401 192 1458 30
215 1399 261 1473 Β3
284 1397 459 1476 lassitudine
487 1397 563 1474 quae
586 1400 628 1456 vi-
684 1399 725 1456 48
749 1397 795 1456 De
817 1397 884 1456 ileo.

215 1487 302 1546 detur
325 1487 455 1546 febribus
480 1487 592 1546 similis.
684 1483 728 1546 43
749 1486 794 1546 Β3
818 1486 919 1545 dolore
942 1487 1062 1545 ventris.

151 1579 190 1636 31
215 1577 261 1636 Β3
283 1575 413 1635 febribus
435 1576 568 1634 internis.
685 1577 726 1634 50
749 1575 795 1634 De
818 1575 919 1634 dolore
943 1575 1007 1633 coli.

150 1664 250 1741 3281
272 1666 304 1722 in
323 1667 465 1724 autumno
487 1661 628 1724 febrierit.
685 1665 724 1722 51
750 1663 798 1720 Β3-
818 1663 919 1738 dolore
942 1665 1064 1722 vesicae.

150 1756 192 1813 33
218 1753 250 1811 Si
274 1755 386 1812 aestate
410 1753 526 1811 febriat.
685 1754 725 1811 52
751 1750 833 1810 Oossi
870 1754 900 1810 33
935 1751 1072 1809 lumbrici
1109 1770 1168 1827 qua

151 1845 192 1902 34
217 1841 250 1900 Si
271 1843 367 1900 hieme
390 1841 506 1900 febriat.
750 1857 820 1898 cura
833 1839 979 1898 tollantur
991 1840 1167 1899 admanum.

151 1933 191 1991 35
217 1930 250 1989 Si
279 1931 316 1990 ab
351 1931 548 2008 indigestione
581 1931 630 1990 vel
685 1930 725 1988 53
749 1928 794 1986 Β3
811 1929 981 2004 syncopatis
999 1931 1018 1987 i.
1038 1929 1167 1988 confixis.

216 2021 334 2097 pletura
356 2018 473 2079 febriat.
597 2073 599 2083 ,
685 2019 727 2077 54
750 2017 794 2076 De
826 2017 872 2076 his
907 2019 961 2094 qui
994 2019 1167 2096 sanguinem

151 2111 192 2167 36
218 2107 309 2169 Si'ex
337 2109 459 2168 vulnere
489 2109 548 2184 oris
578 2111 633 2171 aut
689 2121 690 2126 ’
750 2126 804 2182 per
826 2125 911 2164 nares
935 2107 1084 2166 emittunt.

217 2199 349 2258 faucium
372 2197 488 2256 febriat.
686 2196 726 2255 55
751 2195 1166 2274 Deinfestationesanguinis

152 2289 193 2346 37
218 2287 263 2346 Β3
282 2286 482 2347 coactionibus
501 2285 519 2343 i.
537 2286 573 2344 de
587 2285 631 2342 ni·
687 2285 727 2343 56
752 2283 834 2354 Quae
853 2285 1020 2344 adhibenda
1037 2288 1082 2344 est
1100 2285 1167 2343 dili-

218 2377 279 2434 mia
302 2375 485 2435 lassitudine.
754 2375 855 2451 gentis
872 2375 907 2432 ut
928 2375 1070 2433 animalia
1094 2393 1167 2434 sana

155 2466 195 2524 38
220 2463 302 2534 Quae
336 2482 445 2542 genera
472 2463 633 2540 aegritudi-
752 2463 922 2538 perdurent.

195 2574 290 2636 sinum
321 2553 356 2611 de
386 2554 537 2611 coactione
567 2569 633 2611 nas·
688 2551 728 2610 57
753 2550 840 2612 Potio
864 2553 986 2610 aestiva.

219 2645 333 2701 cuntur.
552 2703 554 2718 ;
689 2640 729 2699 58
753 2639 840 2699 Potio
862 2640 1007 2699 hiemalis.
1089 2660 1093 2666 ·

153 2732 193 2789 39
218 2731 262 2790 Β3
295 2731 417 2789 diversis
447 2728 633 2805 passionibus
689 2729 729 2788 59
753 2728 840 2788 Potio
863 2729 894 2786 in
919 2731 1060 2786 autumno
1083 2730 1113 2785 et
1135 2727 1166 2784 in

157 2893 159 2896 Ι
219 2820 339 2878 ventris.
754 2837 822 2876 vere
845 2817 1020 2892 praebenda.

224 2993 257 3042 26
277 2987 370 3041 dehis
389 2986 492 3056 quibus
511 2988 657 3058 saguinem
675 2986 788 3057 iugula
803 2985 935 3040 tollamus
955 2987 1099 3054 (suprascr.
1115 3000 1167 3036 un-

152 3059 249 3130 gulam
269 3059 423 3130 colligunt).
460 3057 531 3112 alias
550 3057 600 3126 qui
617 3058 754 3127 ungulam
772 3059 876 3126 cogunt
894 3055 938 3110 vel
953 3055 1085 3110 eiecerint
1099 3070 1167 3122 quo-

153 3131 238 3185 modo
258 3131 372 3200 sanguis
390 3129 508 3183 tollatur
522 3131 557 3184 A.
578 3130 716 3198 quomodo
736 3145 756 3182 s.
776 3127 893 3182 tollatur
906 3127 950 3180 his
965 3127 1014 3194 qui
1031 3125 1167 3194 ungulam

153 3203 296 3257 eiecerunt
310 3201 338 3254 P
355 3204 364 3270 11
382 3200 505 3254 arunde
527 3201 641 3270 sanguis
659 3200 776 3254 tollatur
794 3199 969 3268 epitostomis
989 3198 1024 3251 de
1042 3195 1128 3250 vulsis
1143 3213 1165 3250 c.

154 3273 276 3342 strophis
287 3275 316 3326 et
325 3291 352 3340 q.
363 3291 399 3325 m.
410 3289 431 3326 s.
441 3274 461 3324 3,
472 3273 500 3326 P
511 3274 520 3340 11
535 3277 568 3325 30
581 3270 653 3326 febri
664 3272 701 3324 M
712 3274 721 3340 11
735 3276 767 3323 31
779 3269 931 3324 interaneis
940 3269 984 3324 v‘el
993 3267 1111 3322 internis
1121 3268 1150 3322 A

154 3350 187 3396 32
206 3345 237 3397 in
256 3360 305 3398 orn.
322 3344 587 3413 311134361333333
605 3343 731 3397 additum
749 3344 781 3395 in
796 3342 865 3395 PM
875 3344 884 3410 11
899 3346 936 3412 33Ι
950 3339 1105 3409 repletione
1119 3340 1147 3393 P

154 3421 187 3468 37
213 3415 356 3470 coactione
376 3417 414 3470 M
446 3418 455 3484 11
491 3419 525 3467 40
549 3413 678 3481 equalico
702 3414 729 3467 A
764 3414 773 3481 11
807 3418 840 3465 43
868 3410 952 3465 causa
978 3414 1006 3465 33
1031 3426 1098 3464 cura
1118 3410 1144 3464 G·

153 3492 188 3540 44
207 3487 306 3540 crossis
321 3488 418 3556 41143
434 3483 543 3539 eristeri
557 3486 584 3539 A
599 3488 679 3551 (corr.
694 3483 747 3551 A²)
765 3484 791 3538 G
804 3486 813 3553 11
828 3488 860 3536 52
881 3483 916 3536 de
933 3481 1040 3536 cossilis
1054 3484 1082 3536 et
1095 3481 1165 3536 lum-

153 3557 238 3611 bricis
254 3560 280 3612 A
296 3561 300 3627 1
318 3558 354 3612 ad
372 3573 487 3610 manum
505 3553 1116 3623 333341153333Ρ1313331333341133
1136 3554 1166 3606 in

153 3645 203 3683 om.
219 3631 246 3683 P
1186 3627 1190 3632 “
