2682 3920
198 225 239 289 88
631 224 765 278 VEGETI

197 395 314 469 oportet
341 393 471 467 infundi,
505 394 539 451 ut
567 393 766 469 perfrictionis
798 394 1016 452 incommodum
1050 394 1205 451 evincatur

199 485 288 557 atque
310 482 447 558 pellatur.
488 483 566 541 Nam
589 483 614 541 si
637 485 669 540 in
691 482 850 542 visceribus
876 483 1071 557 permanserit
1094 482 1205 559 algoris

141 573 182 631 33
198 571 317 644 iniuria,
340 571 470 631 diversos
493 571 730 646 periculososque
753 573 890 646 procreat
913 570 1038 630 morbos.
1080 569 1113 627 Si
1134 589 1205 629 vero

198 659 312 717 dierum
330 661 541 718 canicularium
560 663 691 736 tempore
714 662 798 718 aestu
816 661 927 718 animal
950 658 1135 736 fatigabitur,
1157 660 1206 718 vel

199 750 282 823 aquis
315 747 431 825 frigidis
464 750 508 807 cst
539 748 773 825 perfundendum
806 748 854 808 vel
885 749 917 806 in
948 767 1029 806 mare
1060 747 1205 806 flumenre
1234 768 1248 808 s

197 837 389 910 mittendum,
418 837 536 914 frigidis
559 839 650 896 etiam
672 837 841 912 potionibus
864 836 1068 905 recreandum,
1098 838 1133 894 ut
1154 855 1204 894 ne-

198 926 330 986 cessitati
359 925 467 984 laboris
498 929 550 983 aut
578 928 720 1001 temporis
750 927 848 1001 aptior
876 925 1022 984 medicina
1045 927 1204 984 succurrat.

140 1016 182 1072 34
198 1013 255 1073 Sed
284 1015 315 1071 in
346 1016 428 1090 equis
458 1033 517 1072 non
552 1016 648 1074 solum
677 1015 806 1088 utilitas,
839 1033 942 1072 verum
972 1016 1063 1072 etiarn
1091 1014 1204 1072 decoris

195 1105 273 1161 ratio
297 1102 440 1162 servanda
463 1104 516 1161 est.
561 1103 721 1179 Nunquam
746 1105 848 1178 itaque
870 1105 930 1161 nisi
956 1103 1114 1162 necessitas
1136 1121 1204 1178 pas-

196 1191 286 1250 sionis
310 1193 447 1269 exegerit,
470 1192 506 1250 de
525 1193 658 1252 articulis
680 1192 832 1251 resecandi
850 1195 920 1250 sunt
940 1192 1017 1250 cirri.
1058 1191 1203 1250 Naturale
1219 1212 1246 1251 ro

196 1281 274 1336 enim
297 1283 502 1338 ornamentum
531 1281 639 1356 pedum
666 1284 774 1339 natura
802 1282 869 1356 ipsa
895 1282 928 1337 in
949 1280 1011 1338 illis
1039 1281 1203 1339 constituit.

196 1366 346 1428 Cervicem
382 1369 472 1427 etiam
510 1371 606 1444 ipsam
642 1369 768 1446 diligens
806 1369 893 1427 debet
929 1387 1033 1427 ornare
1072 1371 1201 1428 tonsura.

195 1457 283 1515 Multi
315 1459 392 1515 enim
420 1458 496 1516 sicut
524 1457 703 1532 curialibus,
739 1460 783 1516 ita
815 1461 845 1516 et
877 1457 1031 1517 sellaribus
1063 1457 1203 1516 iumentis

142 1548 182 1604 35
198 1545 325 1621 pressius
353 1546 430 1605 oolla
456 1546 572 1605 radunt.
619 1546 699 1616 Quae
724 1565 770 1606 res
798 1546 868 1604 licet
894 1549 1045 1621 praestare
1068 1545 1204 1604 credatur

198 1636 398 1711 augmentum,
420 1637 520 1693 tamen
538 1634 592 1693 sub
609 1635 733 1693 honesto
756 1653 866 1694 sessore
885 1635 1024 1693 deformis
1048 1637 1099 1694 est.
1140 1634 1204 1692 Alii
1217 1653 1243 1694 rs

195 1724 240 1780 ita
262 1721 393 1796 tondent,
415 1725 450 1780 ut
472 1741 573 1781 arcum
590 1722 748 1781 videantur
768 1724 889 1781 imitari.
934 1723 1079 1781 Nonnulli
1100 1722 1204 1780 Arme-

196 1810 312 1868 niorum
336 1829 417 1869 more
441 1813 532 1869 cirros
560 1811 674 1886 aliquos
701 1813 733 1868 in
760 1814 882 1870 tonsura
904 1811 970 1887 ipsa
995 1830 1050 1886 per
1072 1811 1204 1870 ordinem

197 1898 416 1974 derelinquunt,
445 1899 495 1958 sed
518 1901 651 1976 gratiora
678 1901 747 1958 sunt
775 1919 850 1975 quae
877 1901 1025 1960 translata
1047 1899 1083 1960 de
1105 1899 1202 1959 Persis

197 1989 343 2062 posterior
365 2007 434 2047 usus
451 1990 572 2047 invexit.
618 1988 696 2046 Nam
714 1989 811 2047 media
828 1989 900 2047 iuba
923 1989 961 2047 ad
979 2008 1096 2048 omnem
1119 2007 1202 2047 accu-

195 2077 341 2135 rationem
364 2095 398 2134 ex
417 2077 537 2136 sinistra
559 2079 644 2152 parte
663 2077 805 2152 tonditur,
828 2077 968 2136 adextra
990 2095 1059 2137 vero
1083 2079 1203 2136 omnino
1216 2099 1243 2138 ao

139 2168 179 2224 36
194 2167 308 2225 intacta
337 2169 478 2225 servatur.
519 2166 560 2224 Et
588 2168 686 2225 nescio
716 2186 774 2241 quo
803 2170 891 2242 pacto
921 2168 1083 2242 plurimum
1109 2166 1202 2240 decet,

195 2255 265 2330 quia
293 2253 381 2329 illud,
411 2255 490 2330 quod
520 2256 697 2314 naturaliter
723 2255 828 2314 laudat
854 2255 1019 2333 Vergilius,
1052 2256 1201 2312 imitatur:

268 2429 281 2475 1
301 2421 507 2491 perfricationis
522 2425 582 2477 ΑΡ
593 2425 631 2493 113
650 2422 783 2477 iniuriam
797 2426 825 2477 et
839 2425 865 2476 d.
880 2425 908 2477 A
924 2426 927 2491 1
944 2426 973 2477 et
991 2423 1017 2476 d.
1033 2425 1061 2478 ct
1079 2441 1106 2492 p.
1122 2424 1180 2477 FP
1195 2423 1198 2495 1

193 2501 209 2546 4
229 2493 344 2547 aestatis
355 2494 382 2546 A
395 2511 445 2548 om.
456 2496 483 2548 P
495 2496 503 2564 11
518 2500 533 2547 5
549 2495 592 2547 est
606 2511 655 2548 om.
671 2496 716 2562 ΡΙ
732 2494 862 2562 flumenq.
873 2497 901 2549 P
912 2494 1053 2562 flumineq.
1064 2495 1092 2548 A
1105 2497 1114 2563 11
1129 2501 1144 2548 6
1163 2513 1199 2548 m.

193 2566 236 2618 eet
249 2565 276 2616 A
292 2565 296 2631 1
312 2567 453 2618 recreatur
466 2565 497 2618 F
506 2567 515 2633 11
529 2569 544 2616 7
559 2565 726 2618 necessitate
739 2564 883 2618 laboribus
899 2567 925 2621 G
939 2565 984 2634 (-ti
999 2565 1048 2618 ris
1063 2566 1100 2633 A)
1117 2568 1121 2635 1
1138 2568 1166 2619 et
1178 2567 1199 2619 t.

193 2634 1201 2708 ΑΡο111Ῡ11Ρ10111011111801111Ρ1111111111οΡ119110111

194 2711 225 2757 11
246 2707 339 2758 autem
353 2723 415 2762 asor.
431 2706 506 2759 enim
522 2706 548 2761 G
561 2706 636 2761 enim
650 2707 678 2760 A
690 2707 753 2776 ipsa
767 2708 830 2761 cdd.
846 2708 873 2761 P
884 2709 893 2776 11
908 2712 940 2759 12
956 2706 1042 2760 etiam
1055 2724 1105 2762 001.
1121 2708 1180 2761 FP

193 2773 312 2845 diligens
330 2794 380 2831 om.
396 2779 423 2831 A
439 2779 443 2845 1
466 2777 493 2829 1’
509 2776 514 2788 “
537 2781 615 2830 entes
635 2778 718 2832 debes
733 2779 761 2832 P
772 2780 781 2847 11
796 2784 828 2831 13
848 2777 992 2831 dimilibus
1012 2780 1081 2833 PM
1103 2781 1107 2847 1
1128 2778 1201 2832 sicut

193 2847 317 2902 cruribus
333 2847 465 2902 iumentis
485 2864 517 2902 co
540 2864 557 2901 a
575 2865 624 2918 pre
643 2849 700 2902 suis
718 2849 821 2902 radunt
840 2851 867 2903 A
880 2850 890 2918 11
904 2855 938 2901 14
957 2866 979 2902 c.
994 2849 1116 2918 pressius
1131 2850 1162 2903 F
1176 2866 1198 2902 c.

193 2918 344 2972 studiosius
364 2921 409 2989 Ρ1
426 2917 549 2973 creditur
566 2921 606 2973 ed.
617 2937 661 2989 pr.
677 2922 704 2974 A
726 2921 736 2989 11
758 2925 790 2973 15
810 2923 1005 2989 argumentum
1023 2922 1051 2974 A
1074 2921 1077 2988 1
1101 2919 1152 2973 sub
1171 2919 1198 2974 h.

193 3005 259 3044 seru
276 3006 306 3043 re
324 2993 352 3045 A
372 2993 376 3060 1
400 2989 450 3044 alii
460 3021 493 3029 -
503 2989 610 3043 imitari
623 3008 673 3045 om.
689 2993 716 3045 A
738 2993 748 3060 11
771 2996 803 3044 16
818 2991 937 3044 tundent
952 2993 979 3045 P
1001 2994 1006 3061 1
1030 2991 1161 3044 rideatur
1175 2993 1202 3045 P

191 3063 254 3127 fort.
268 3068 335 3116 recte
351 3065 355 3131 1
372 3061 447 3116 Arm.
462 3077 537 3115 more
556 3079 605 3116 cm.
621 3063 649 3116 P
668 3064 677 3130 11
701 3067 733 3115 17
754 3061 842 3116 crines
857 3063 896 3117 001.
910 3079 955 3130 pr.
970 3063 998 3116 A
1016 3061 1101 3115 cirros
1120 3063 1180 3116 FP
1190 3061 1200 3133 11

194 3137 226 3185 18
245 3132 369 3201 gratiosa
387 3133 418 3186 F
435 3136 445 3202 11
469 3137 500 3185 19
519 3131 598 3200 peior
615 3151 641 3186 u.
657 3135 684 3187 A
706 3134 711 3202 1
734 3131 891 3186 introduxit
909 3135 936 3187 P
956 3135 965 3202 11
989 3137 1030 3198 19,
1045 3137 1079 3185 20
1098 3148 1164 3186 nam
1183 3148 1200 3186 a

193 3201 305 3255 sinistra
323 3206 403 3272 parte
422 3204 604 3258 medietatem
622 3220 763 3271 cyr-rorum
786 3204 868 3257 tundi
886 3204 985 3257 iubent
1003 3204 1052 3257 sed
1071 3219 1087 3256 a
1106 3205 1132 3257 d.
1148 3205 1176 3257 P
1193 3203 1197 3274 1

192 3289 281 3326 occur.
292 3275 319 3326 A
333 3277 342 3343 11
356 3275 528 3328 adtenditur
540 3275 570 3328 F
580 3275 655 3328 -etnr
663 3276 734 3344 vulg.
752 3277 755 3343 1
772 3275 861 3328 omnis
872 3276 903 3329 F
911 3277 921 3345 11
935 3281 967 3328 21
982 3275 1090 3328 insecta
1103 3276 1143 3329 ed.
1154 3292 1198 3343 pr.

192 3379 299 3432 elaea
317 3380 381 3433 ns
395 3395 490 3433 omnes
513 3381 634 3435 insecus
658 3382 770 3434 scaone
788 3383 815 3435 P
844 3384 848 3450 1
876 3384 963 3450 pactu
981 3383 1008 3435 A
1037 3382 1041 3447 ι
1071 3361 1198 3435 180011

193 3450 275 3504 dccet
294 3450 324 3503 F
339 3450 437 3504 deceat
455 3452 493 3505 cd.
505 3469 549 3520 pr.
571 3453 579 3521 11
603 3457 636 3504 22
655 3450 787 3504 laudatur
804 3454 844 3506 ed.
855 3470 899 3520 pr.
919 3452 1066 3505 imitantur
1084 3454 1111 3506 P
1127 3451 1198 3504 illud

192 3519 345 3588 plurimum
359 3523 399 3589 (·a
415 3522 450 3590 G)
469 3539 495 3574 n.
514 3521 647 3575 laudatur
668 3520 747 3590 virga
766 3523 911 3577 emittatur
925 3525 952 3577 A
970 3521 1042 3575 illud
1058 3541 1085 3575 n.
1099 3522 1199 3576 laudat

193 3590 328 3659 Virgilius
347 3591 493 3644 emittatur
511 3593 541 3646 F
