2668 3920
508 221 648 276 uvion.
667 221 681 274 1
700 227 742 289 14,
759 227 791 276 rs
1115 221 1156 286 31

145 392 271 466 occupat
299 391 390 465 atque
420 389 570 465 dissolvit,
599 393 722 466 propter
751 390 831 466 quod
861 391 972 449 animal
1000 388 1158 465 inprimis

144 479 280 556 partibus
314 480 410 537 alacre
441 480 607 554 posteriora
638 479 756 537 trahere
788 480 949 538 consuevit.
995 478 1074 536 Huic
1102 479 1193 538 hac2

144 570 262 628 ratione
285 569 478 626 succurretur.
529 568 574 626 De
603 570 730 643 utroque
755 565 862 642 [latere
890 568 938 626 vel
968 565 1017 642 de]
1048 568 1158 626 femore

145 657 246 716 incisis
275 657 456 733 competenti
481 657 653 716 locoveris
681 659 816 733 copiosus
847 659 967 735 sanguis
997 657 1159 730 emittetur,

120 748 199 822 squi
234 746 296 805 acri
326 747 409 804 aceto
444 746 555 804 mixtus
586 766 640 822 por
674 765 759 805 omne
799 765 904 822 corpus
937 748 967 804 ot
1000 747 1159 821 praecipue

146 853 236 911 super
270 853 355 894 renos
392 835 530 894 animalis
566 834 730 894 inducetur.
785 835 941 895 Potionem
972 836 1159 894 notissimam

49 952 51 956 ·
146 924 285 1000 diapente
309 924 347 982 ad
370 942 461 982 cornu
488 943 542 999 per
565 943 597 984 os
625 923 715 1006 debet
737 924 907 1000 frequenter
935 926 1080 1000 accipere3
1108 923 1193 982 sed3

147 1015 177 1072 et
207 1033 261 1088 per
282 1032 383 1070 anum
415 1013 603 1072 calidissimis
640 1012 791 1088 speciebus
828 1014 963 1089 clysteris
1000 1012 1159 1072 iniectione

146 1101 309 1160 curandum
328 1104 381 1160 est.
426 1101 516 1160 Alces
536 1101 664 1176 unciam,
686 1104 803 1178 pyretri
820 1104 939 1161 unciam
957 1101 980 1177 Ι,
1004 1100 1160 1178 euphorbii

108 1209 133 1249 ro
147 1193 336 1265 semunciam,
359 1189 501 1249 bacarum
523 1191 602 1250 lauri
627 1192 745 1249 unciam
768 1190 791 1266 I,
816 1192 941 1250 castorei
971 1193 1159 1262 semunciam,

146 1281 229 1356 pulei
246 1278 320 1338 bene
338 1280 406 1338 triti
423 1281 542 1342 unciam
559 1279 583 1353 I,
607 1281 727 1338 sentinis
746 1282 859 1355 sinapis
882 1281 985 1340 uncias
1003 1280 1058 1352 HI,
1082 1281 1158 1338 afro-

147 1369 221 1427 nitri
238 1371 341 1427 uncias
359 1368 414 1443 III,
433 1369 504 1427 salis
523 1369 589 1427 triti
606 1368 769 1427 heminam:
791 1369 864 1428 haec
883 1371 984 1429 omnia
1002 1369 1161 1444 diligenter

148 1459 272 1517 contusa
285 1459 317 1516 in
331 1460 391 1516 tres
407 1457 520 1516 divides
529 1459 639 1534 partes,
654 1459 684 1516 et
698 1457 801 1516 diebus
815 1458 940 1536 singulis
951 1477 1018 1516 curn
1032 1475 1119 1533 aqua,
1128 1458 1160 1514 in

102 1596 104 1601 ,
149 1565 209 1622 qua
222 1547 351 1606 furfures
369 1547 464 1605 tritici
478 1545 591 1605 decocti
606 1547 726 1620 fuerint,
744 1546 855 1622 tepida,
874 1549 952 1606 sicut
966 1565 1053 1606 curae
1068 1547 1161 1624 exigit

108 1654 134 1695 15
148 1635 241 1710 ratio,
270 1635 401 1713 singidos
429 1636 646 1695 semisextarios
676 1636 801 1711 clystere
824 1655 878 1711 per
899 1637 1074 1695 intestinum
1097 1637 1159 1695 sni·

148 1725 236 1784 malis
268 1724 414 1798 infundis,
446 1728 481 1783 ut
510 1725 661 1784 calefactis
691 1726 868 1784 intrinsecus
897 1725 1016 1784 renibus
1046 1724 1160 1784 solutus

147 1814 255 1872 humor
276 1833 330 1890 per
347 1808 570 1872 ventrem'ouur
589 1816 715 1872 stercore
738 1815 834 1890 possit
857 1817 961 1872 emitti.
1003 1813 1194 1872 Praeterea4

147 1903 243 1962 lumbi
264 1904 358 1979 ipsius
382 1903 447 1962 oleo
466 1903 583 1962 laurino
606 1904 676 1962 vino
695 1903 791 1962 calido
811 1905 958 1978 permixto
977 1902 1161 1962 condicandi

149 1995 220 2051 sunt
241 1993 430 2051 vehementer
453 1995 483 2050 et
505 2011 605 2067 saepe,
632 1995 667 2049 ut
696 1992 805 2050 deforis
829 1994 859 2050 et
881 1993 1057 2052 intrinsecus
1081 2011 1161 2050 acer-

109 2101 135 2140 11
149 2081 273 2140 bissima
303 2083 402 2156 passio
434 2081 529 2157 possit
561 2082 664 2139 cunci
720 2079 860 2140 Cauteria
893 2099 1010 2156 quoque
1041 2080 1160 2138 renibus

148 2171 355 2245 imponuntur,
385 2171 420 2227 ut
442 2171 487 2228 vis
514 2169 610 2229 morbi
632 2171 711 2246 ignis
742 2168 846 2228 ardore
875 2169 1007 2228 siccetur.
1054 2168 1162 2227 Danda

151 2278 268 2335 quoque
291 2260 336 2318 est
357 2261 441 2334 potio
472 2260 539 2316 ooto
569 2259 733 2334 specierum
756 2257 890 2332 decocta,
920 2259 1004 2316 cuius
1033 2259 1065 2315 in
1088 2259 1161 2316 arti-

223 2433 256 2480 10
276 2425 349 2482 Ohir.
364 2444 386 2481 c.
402 2433 462 2481 465.
536 2433 569 2480 22
590 2426 624 2480 cf.
639 2426 707 2497 Veg.
723 2427 792 2493 113,
808 2433 831 2480 ὃ.

224 2593 237 2640 1
257 2590 406 2656 propterea
425 2587 500 2656 quod
519 2588 545 2640 L
559 2589 568 2656 11
587 2593 602 2639 2
622 2603 639 2640 a
657 2586 745 2640 latere
763 2588 791 2642 A
807 2590 811 2655 1
827 2587 873 2640 vix
891 2587 1162 2656 1111311111-

150 2661 229 2713 ratur
247 2660 312 2713 AF
323 2660 362 2713 cd.
375 2677 418 2727 pr.
439 2659 609 2712 succurritur
622 2659 651 2711 P
667 2661 843 2712 succurretur
856 2659 883 2712 L
900 2665 933 2712 ut
950 2664 967 2711 4
986 2658 1160 2714 emitteturt

151 2730 299 2784 inducetur
316 2733 319 2799 1
335 2746 385 2784 ocu.
396 2730 418 2786 S
422 2731 523 2795 LPcf.
532 2732 576 2783 18
591 2731 600 2798 11
613 2729 711 2782 Averis
720 2731 747 2784 A
763 2732 767 2798 1
784 2729 895 2798 copiose
906 2731 936 2784 F
947 2730 957 2798 11
971 2729 1100 2783 omixtus
1109 2729 1162 2784 SL

151 2818 237 2870 perm.
252 2802 396 2855 AFPcd.
407 2818 451 2869 pr.
466 2802 476 2869 11
491 2802 638 2868 operris
652 2803 661 2870 11
676 2806 691 2854 8
706 2803 735 2854 et
749 2817 798 2855 om.
814 2802 859 2870 Ρ1
877 2801 964 2854 caled.
980 2802 1001 2856 S
1016 2803 1019 2870 1
1036 2800 1162 2869 clysterii

151 2874 190 2926 ed.
202 2890 248 2942 pr.
263 2872 383 2940 dysteris
400 2871 425 2926 G
440 2873 449 2940 (
465 2871 483 2926 l.
498 2874 536 2942 A)
566 2871 569 2942 1
594 2871 751 2940 ingestione
765 2874 804 2926 ed.
815 2889 860 2941 pr.
888 2874 897 2941 11
925 2877 1011 2926 9-12
1030 2873 1069 2926 sic
1083 2873 1142 2926 LP

151 2943 228 3013 pulei
245 2949 306 3011 post
324 2942 472 3010 euphorbii
489 2942 579 2998 SAF
589 2944 628 2996 ed.
644 2960 689 3011 pr.
713 2945 722 3013 11
746 2948 778 2996 11
797 2943 906 3012 pulegii
924 2944 1017 2998 AFP
1033 2944 1073 2997 ed.
1089 2960 1133 3012 pr.

152 3047 247 3086 semen
260 3033 287 3085 L
304 3033 307 3100 1
324 3031 453 3086 afronitri
470 3048 533 3085 unc.
549 3037 565 3084 3
584 3047 634 3086 om,
649 3031 677 3085 A
691 3033 730 3085 ed.
742 3048 786 3100 pr.
802 3037 810 3100 11
826 3037 858 3084 12
878 3020 959 3087 emen
973 3033 999 3085 L
1017 3032 1106 3085 imina
1120 3031 1141 3086 S
1153 3031 1162 3104 11

153 3109 186 3157 13
205 3105 287 3156 tonsa
302 3103 366 3158 AF
384 3104 387 3171 1
408 3119 472 3156 cum
491 3119 565 3171 aqua
583 3101 703 3156 firrfimes
721 3103 744 3158 S
759 3103 789 3155 in
808 3120 832 3157 a.
852 3103 882 3156 in
900 3120 956 3171 qna
975 3104 1001 3157 L
1015 3106 1023 3173 11
1039 3109 1072 3156 14
1090 3103 1163 3172 tepi-

153 3175 219 3228 dam
236 3174 258 3229 S
273 3177 277 3242 1
293 3174 387 3243 exiget
403 3175 429 3229 L
445 3177 449 3242 1
466 3189 532 3228 cura
551 3173 639 3242 exigit
651 3191 673 3227 r.
693 3173 714 3228 S
735 3176 744 3243 11
768 3179 801 3228 15
820 3174 927 3243 gratior
940 3176 967 3229 A
983 3176 987 3243 1
1004 3174 1084 3242 quasi
1104 3192 1124 3228 s.
1140 3193 1160 3228 s.

152 3247 180 3299 A
194 3246 234 3299 cd.
245 3263 290 3314 pr.
301 3263 321 3300 s.
338 3263 358 3299 s.
374 3263 423 3300 om.
434 3247 463 3300 P
475 3263 495 3298 s.
506 3245 642 3299 sextarios
656 3245 691 3299 F.
712 3245 813 3298 lacuna
827 3247 858 3300 ia
872 3247 899 3300 L
912 3263 996 3314 usquc
1011 3245 1048 3298 ad
1061 3246 1074 3299 I
1089 3252 1130 3314 16,
1144 3252 1161 3299 4

152 3317 218 3384 fiais
236 3317 324 3371 liaeus
341 3317 423 3371 etiam
440 3318 472 3370 ia
485 3317 507 3372 S
521 3319 525 3385 1
542 3316 652 3384 clystere
666 3318 694 3370 A
713 3316 845 3383 clysteres
861 3317 883 3370 S
899 3332 949 3385 per
967 3317 1115 3386 clysterem
1132 3317 1162 3369 in

153 3387 203 3442 int,
219 3389 246 3442 P
257 3389 266 3456 11
282 3393 314 3440 16
333 3388 450 3442 interius
468 3389 497 3442 A
510 3404 578 3442 corr.
594 3386 635 3442 A²
651 3388 654 3455 1
671 3386 805 3442 solutisS
822 3387 929 3441 solutus
947 3389 1009 3442 PF
1024 3387 1162 3442 resolutus

153 3461 181 3512 A
195 3459 234 3514 ed.
247 3476 290 3527 pr.
306 3462 315 3528 11
330 3465 362 3512 17
379 3476 441 3512 cum
456 3459 502 3530 st]
517 3459 614 3512 stricte
624 3461 651 3513 A
664 3459 673 3526 11
689 3464 721 3512 18
737 3460 803 3512 etv.
819 3475 841 3512 c.
853 3459 905 3515 SP
917 3460 926 3528 11
941 3464 973 3511 19
989 3459 1100 3527 saepius
1116 3460 1142 3510 P
1156 3459 1159 3530 1
1261 3489 1263 3493 -

153 3548 177 3583 v.
191 3534 225 3583 ut
243 3531 355 3598 saepius
375 3530 477 3584 deforis
495 3531 517 3585 S
532 3534 535 3596 1
551 3531 584 3582 ut
602 3532 630 3584 et
648 3528 716 3583 foris
735 3531 762 3583 P
776 3532 780 3598 1
796 3529 932 3584 acerrima
950 3532 978 3585 P
989 3533 998 3599 11
1017 3535 1050 3582 20
1068 3545 1163 3598 posse-

155 3600 265 3654 devinoi
283 3602 372 3670 81111
393 3601 427 3654 de
446 3601 510 3654 Vlll
528 3601 673 3669 speciebus
692 3602 720 3655 P
734 3604 738 3670 1
754 3603 862 3670 septem
880 3603 908 3654 A
922 3617 989 3655 corr.
1005 3600 1046 3654 A²
