2684 3926
199 232 264 294 212
642 230 777 284 VEGETI

202 399 347 474 quidquid
365 401 514 458 invenerit
536 403 666 474 temptat
684 402 763 457 same
787 401 910 476 cegeute
929 399 1092 470 corrodere,
1115 399 1223 456 durum

167 493 314 547 astemus
343 490 461 547 emittit.
508 488 645 548 Trahunt
675 490 796 566 longam
827 507 861 546 ac
888 488 1088 548 miserabilem
1118 490 1223 559 vitam,

201 581 236 636 ut
258 596 312 636 nec
336 597 457 652 surgere
481 579 616 650 valeant,
646 579 698 636 sed
726 580 857 637 iacentes
885 577 1008 654 fatigati
1035 577 1222 650 multumque

201 667 414 726 manducantes
446 668 524 724 fame
554 669 732 725 moriuntur.
779 665 883 725 Omnis
914 668 994 724 enim
1022 684 1101 739 esea,
1132 684 1223 740 quarn

201 759 409 831 sumpserunt,
444 756 482 814 ad
513 759 625 814 stercus
661 759 691 814 et
720 758 815 814 omnis
846 759 935 830 potus
970 757 1155 814 convertitur
1184 754 1224 812 ad
1252 775 1264 812 s

168 846 337 904 derisam:
367 846 468 902 nullus
493 864 527 902 ex
554 845 601 904 bis
625 863 711 904 sucus
740 846 856 903 nullum
884 845 1061 902 alimentum
1088 844 1224 920 pervenit

204 934 246 992 ad
277 933 455 1008 medullam,
486 937 644 1009 prepterea
678 935 758 1008 qued
794 933 964 994 stomachus
997 953 1099 992 eorum
1130 933 1223 990 nimie

201 1025 305 1100 rigere
335 1024 513 1082 constrictus
543 1041 596 1080 nee
626 1041 752 1097 coquere
783 1025 882 1098 petest
911 1041 965 1080 nee
995 1025 1077 1097 epati
1107 1021 1224 1096 aliquid

201 1113 374 1187 propinare,
405 1113 437 1170 in
461 1132 520 1186 que
543 1114 608 1170 teta
632 1114 727 1170 virtus
758 1112 796 1170 ad
826 1111 1017 1170 nutriendum
1041 1129 1147 1186 cerpus
1171 1130 1224 1185 per

166 1203 184 1257 4
200 1201 452 1276 dispensationem
467 1201 601 1260 ciberum
620 1203 649 1258 et
663 1202 817 1278 sanguinis
831 1204 1037 1276 praeparatur.
1075 1200 1219 1258 Tabescet
1236 1220 1261 1257 ie

200 1290 282 1348 ieeur
297 1308 463 1366 corpusque
482 1292 546 1348 eius
561 1291 676 1348 minuet
694 1290 732 1348 ad
751 1290 977 1348 similitudinem
997 1289 1121 1362 arboris,
1145 1307 1222 1364 quae

202 1379 353 1437 radicibus
373 1398 408 1437 ex
426 1381 538 1438 meiere
557 1382 642 1454 perte
660 1381 811 1453 praecisis,
835 1397 902 1437 cum
921 1379 1056 1454 parvulis
1075 1378 1223 1452 aliquam·

170 1471 187 1526 ὀ
204 1468 256 1525 diu
275 1471 444 1526 sustentata
463 1471 630 1542 portaverit
647 1469 777 1541 frendes,
800 1469 935 1526 celeriter
953 1469 1105 1526 exarescit.
1144 1465 1222 1534 Que-

203 1576 270 1614 rum
294 1557 453 1615 manifeste
482 1558 614 1632 pericule
645 1558 700 1619 hae
730 1559 846 1616 ratione
877 1558 1038 1630 temptabis
1062 1574 1221 1615 occurrere.

203 1645 286 1704 luter
317 1646 466 1721 principia
497 1647 589 1704 facies
621 1648 804 1704 unctionem:
843 1664 927 1704 esrae
958 1645 1009 1704 lib.
1036 1645 1075 1718 Π,
1106 1645 1223 1704 resinae
1240 1666 1265 1702 u,

203 1734 406 1792 terebentinae
425 1734 475 1791 lib.
495 1735 518 1806 L
541 1735 689 1792 medullae
709 1737 846 1793 cervinae
866 1735 926 1808 lib,
950 1737 1097 1809 axungiae
1116 1735 1225 1793 veteris

204 1825 267 1880 eine
291 1823 352 1881 sale
376 1823 436 1897 lib,
460 1825 616 1898 prepelees
639 1823 730 1898 selib,
754 1826 806 1882 iris
826 1823 966 1898 Illyricae
986 1823 1078 1896 selib.‚
1097 1824 1225 1881 sameuei

204 1911 300 1982 selib,
337 1913 435 1970 eleum
467 1913 619 1970 laurinum
651 1915 795 1990 quantum
830 1914 903 1971 satis
936 1913 1041 1985 fuerit,
1079 1911 1224 1986 decoquas

204 2000 382 2060 carbonibus
400 2001 489 2060 lentis
510 2004 539 2059 et
563 2001 601 2059 ad
620 2004 713 2061 cereti
731 2002 890 2060 mollitiem
912 2002 1033 2076 celabis,
1057 2004 1106 2060 eui
1129 2000 1225 2058 adhue

204 2091 319 2165 tepenti
338 2089 481 2148 admisces
500 2092 653 2165 pulverem
672 2092 724 2149 iris
743 2091 882 2166 Illyricae
902 2094 932 2149 et
951 2093 1048 2148 cretae
1069 2088 1225 2163 Gimebae3
1241 2111 1267 2147 ee

174 2183 191 2235 6
207 2181 321 2254 pariter
349 2179 441 2237 denec
468 2181 643 2256 refrigescat
666 2180 804 2258 agitabis.
850 2180 895 2238 Lx
924 2199 982 2255 que
1010 2178 1225 2237 medicamento

277 2373 293 2418 4
313 2365 386 2420 thir.
403 2383 424 2418 e.
441 2371 500 2419 408.
577 2373 609 2420 13
629 2365 703 2420 Chir.
719 2385 740 2420 c.
757 2372 817 2420 409.
892 2373 924 2418 21
946 2365 1019 2419 Ohir.
1036 2384 1057 2419 c.
1074 2372 1133 2419 410.

278 2549 292 2595 1
313 2523 467 2598 aenrddere
490 2545 517 2597 L
540 2545 686 2598 corrodere
710 2545 749 2596 ed.
767 2561 811 2611 pr.
832 2545 858 2596 A
882 2545 1055 2598 contundere
1079 2545 1227 2598 Prodere

207 2615 282 2668 Cher.
297 2617 336 2682 443
356 2614 480 2668 iacentia
499 2621 545 2668 etc.
561 2617 600 2668 ed.
612 2633 657 2684 pr.
681 2618 691 2684 44
713 2623 730 2668 4
749 2616 952 2672 manducantes
971 2633 1022 2669 cm.
1038 2618 1064 2670 L
1090 2619 1093 2684 4
1116 2631 1228 2670 emnem

209 2703 232 2739 e.
249 2702 342 2739 cecam
356 2688 384 2740 A
397 2689 406 2756 44
421 2693 437 2738 t
452 2687 623 2754 sumpserint
636 2688 677 2740 ed.
689 2704 733 2755 pr.
749 2688 776 2739 A
791 2686 910 2755 suscipit
924 2687 969 2754 ΡΙ
986 2690 1015 2742 et
1033 2704 1057 2740 e.
1068 2693 1129 2739 —6
1144 2704 1228 2741 sucus

209 2775 259 2811 ece.
271 2759 299 2811 A
315 2759 319 2825 4
336 2757 366 2809 in
380 2774 421 2809 ur.
437 2758 476 2810 ed.
485 2774 528 2824 pr.
544 2759 553 2826 44
568 2763 583 2810 6
598 2757 692 2811 nullus
703 2789 736 2796 -
749 2763 781 2810 13
792 2758 930 2812 exarescit
939 2774 989 2811 ees.
1002 2759 1029 2812 P
1040 2761 1048 2827 44
1064 2757 1229 2812 ‘Imedullas

209 2830 249 2882 ed.
261 2845 306 2896 pr.
322 2830 350 2882 A
366 2829 438 2883 ceu.
454 2832 493 2894 448
513 2829 679 2897 perstrictus
698 2830 737 2882 ed.
750 2847 792 2896 pr.
813 2832 816 2897 4
838 2829 944 2897 peterit
962 2831 1001 2882 ed.
1014 2847 1057 2897 pr.
1076 2832 1079 2896 4
1095 2829 1157 2898 pati
1176 2831 1201 2882 L
1221 2830 1230 2900 4

211 2905 244 2952 10
264 2899 317 2953 eib.
334 2903 363 2953 et
381 2917 431 2954 em.
448 2901 476 2953 A
495 2902 524 2954 et
541 2917 591 2954 em.
607 2900 647 2954 ed.
659 2918 703 2968 pr.
719 2918 787 2968 quen
806 2901 922 2970 sanguis
939 2903 943 2968 4
960 2901 1017 2954 tab.
1038 2900 1074 2954 ed
1093 2901 1153 2954 sim.
1169 2901 1228 2954 arb.

209 2972 256 3025 cel.
271 2988 322 3025 cm.
338 2973 364 3025 L
378 2969 436 3024 tab.
457 2987 566 3039 semper
579 2971 683 3038 iecurq.
704 2972 764 3026 eius
781 2973 923 3026 minuetur
942 2973 981 3026 ed.
994 2989 1038 3040 pr.
1057 2971 1181 3026 tabem.
1202 2974 1230 3026 A

209 3045 258 3110 qui
276 3043 373 3096 deinde
391 3041 496 3109 ieeurq.
518 3043 577 3096 eius
596 3043 739 3098 minuetur
757 3059 868 3112 semper
899 3044 908 3111 44
938 3049 971 3096 12
991 3059 1008 3096 a
1031 3059 1105 3111 parv.
1126 3044 1166 3096 cd.
1183 3061 1228 3110 pe.

209 3116 236 3167 A
264 3116 273 3181 44
303 3118 336 3165 14
355 3115 483 3168 tentatur
501 3115 608 3166 occurri
627 3116 667 3167 ed.
678 3132 723 3182 pr.
752 3116 761 3183 44
791 3122 823 3167 le
843 3114 989 3182 inprimis
1008 3113 1081 3167 hane
1100 3114 1119 3168 f.
1135 3131 1160 3167 u.
1177 3115 1204 3167 P
1224 3116 1228 3182 4

209 3183 258 3238 lib.
274 3184 312 3236 III
327 3186 354 3238 A
373 3183 422 3238 lib.
437 3184 463 3236 II
477 3185 517 3238 ed.
529 3201 573 3253 pr.
590 3187 617 3238 P
631 3186 704 3238 (lber.
725 3201 805 3238 cerae
825 3184 872 3238 lib.
888 3185 901 3238 Ι
915 3187 941 3239 L
956 3188 1004 3252 qui
1022 3201 1074 3239 res.
1089 3189 1140 3240 ter.
1155 3203 1206 3239 eei.
1221 3187 1231 3256 4

212 3260 243 3306 17
264 3255 412 3324 prepelees
428 3258 453 3310 L
472 3256 633 3325 prepulegii
648 3257 687 3309 ed.
700 3273 744 3323 pr.
763 3255 959 3325 prepeleigien
974 3260 1001 3310 A
1019 3256 1135 3326 pupulci
1153 3256 1202 3310 lib.
1218 3257 1231 3309 Ι

211 3329 239 3379 P
253 3329 258 3394 4
275 3325 306 3378 ir.
322 3325 364 3380 Ill.
376 3326 424 3379 lib.
440 3329 532 3395 edpr.
549 3327 663 3381 seminis
678 3327 788 3381 malvae
801 3326 850 3380 lib.
863 3345 883 3380 e.
893 3329 922 3382 P
936 3331 940 3396 4
957 3343 1040 3380 sams.
1055 3327 1104 3381 lib.
1115 3329 1154 3382 cd.
1162 3345 1205 3396 pr.
1222 3329 1231 3390 4

211 3403 244 3449 18
264 3395 319 3450 elei
338 3397 356 3448 l.
372 3400 412 3451 ed.
424 3414 469 3466 pr.
485 3400 564 3466 AP!
581 3398 649 3452 satis
669 3415 719 3452 em.
736 3400 761 3452 L
775 3400 784 3466 44
800 3404 832 3451 19
851 3399 922 3452 lenti
941 3400 990 3452 sed
1009 3401 1036 3452 L
1052 3402 1056 3467 4
1073 3400 1162 3452 ceruti
1177 3399 1203 3450 L

210 3464 369 3534 perlecabis
388 3470 428 3522 ed.
441 3485 485 3536 pr.
501 3470 528 3522 A
547 3469 705 3536 percelabie
721 3472 748 3524 P
759 3473 769 3538 44
783 3474 817 3522 20
836 3469 934 3538 tepide
952 3471 979 3524 P
993 3471 996 3538 4
1012 3470 1114 3524 misces
1133 3471 1173 3524 ed.
1183 3488 1230 3538 pr.

210 3537 256 3590 cui
275 3537 369 3590 adhue
387 3540 572 3606 reupontieen
592 3540 687 3593 miscis
706 3542 734 3594 A
750 3544 754 3608 4
771 3541 841 3594 turis
860 3540 973 3608 Illyrica
990 3558 1025 3595 cer
1043 3544 1099 3594 tres
1119 3541 1158 3595 -ei
1178 3543 1203 3594 L
1223 3584 1224 3595 ,

211 3614 243 3660 21
265 3609 294 3660 et
312 3608 420 3674 pariter
440 3609 467 3660 P
484 3625 533 3662 em.
549 3611 589 3663 cd.
601 3627 645 3677 pr.
662 3613 686 3662 A
705 3615 708 3678 4
725 3611 890 3680 infrigescat
908 3615 948 3666 cd.
961 3630 1005 3679 pr.
1021 3614 1047 3666 A
