2684 3926
628 227 763 284 vacum

493 481 659 546 LXXXI.
683 481 733 546 De
755 484 896 548 cerrum

85 604 229 700 fflglsffhffifl·
275 609 312 670 In
341 611 475 672 folliculo
512 613 559 671 vel
588 614 621 670 in
657 631 714 670 ano
747 612 873 688 aliisque
905 613 1041 688 partibus
1071 615 1201 688 corporis

231 704 395 760 nascuntur
426 700 587 776 aliquando
624 720 764 760 verrucae
800 705 831 760 et
865 702 973 760 vitium
1003 701 1202 761 deformitatis

191 793 362 866 important.
403 789 468 848 Hac
495 789 611 849 ratione
634 790 781 850 curandae
804 793 885 850 sunt:
916 791 979 849 lino
1009 790 1112 850 subtili
1135 809 1202 849 con-

192 881 358 958 stringetur
375 880 441 954 ipsa
462 897 594 948 verruca,
617 879 685 938 dein
706 880 869 938 causticum
890 879 1012 938 crudum
1033 881 1202 954 imponetur
1231 906 1244 946 ⁵

192 969 222 1027 et
251 971 355 1043 sponte
386 967 508 1026 decidet.
556 967 647 1028 Ferro
681 969 772 1027 etiam
799 967 986 1043 praecidetur
1013 972 1044 1027 et
1070 969 1202 1027 cauterio

191 1058 298 1115 leviter
321 1056 428 1115 adusta
447 1060 579 1115 sanatum

427 1245 610 1312 LXXXII.
633 1245 683 1310 De
705 1248 791 1312 vittae
813 1267 967 1312 coxarum.

85 1369 232 1464 fflssgffff·
276 1375 430 1434 Interdum
461 1375 602 1435 iumentis
633 1377 742 1436 misera
771 1376 806 1435 fit
838 1395 917 1436 coxa.
962 1375 1018 1436 Oui
1049 1376 1086 1435 de
1121 1373 1203 1435 venis

234 1466 380 1523 femorum
404 1483 422 1523 a
444 1466 606 1524 viscoribus
630 1467 751 1543 sanguis
770 1466 918 1524 emittitur
936 1468 966 1526 et
988 1469 1020 1524 in
1043 1483 1113 1525 vase
1136 1465 1203 1523 dili·
1218 1493 1260 1532 10=

193 1558 296 1632 genter
319 1553 477 1629 excipitur3
507 1554 686 1614 admiscetur
716 1556 806 1613 etiam
828 1556 927 1630 pulvis
957 1555 1092 1629 sulfuris,
1122 1555 1204 1628 nitri,

192 1642 333 1702 bacarum
356 1643 435 1701 lauri
458 1645 488 1701 et
510 1644 604 1702 seclae
626 1644 730 1716 tritae,
754 1646 784 1702 et
808 1646 911 1702 contra
938 1645 1015 1719 pilos
1038 1644 1204 1702 diutissima

159 1732 383 1808 lporfiicatur,
413 1733 443 1790 et
471 1750 524 1806 per
552 1731 685 1790 triduum
715 1733 757 1790 sic
785 1751 905 1791 manere
933 1734 1074 1808 patietur.
1114 1731 1205 1808 Aqua

193 1822 298 1894 etium,
326 1822 359 1877 in
387 1838 446 1896 qua
475 1820 621 1879 verbenae
649 1823 749 1879 coctae
779 1822 860 1895 sunt,
890 1821 993 1897 tepida
1021 1823 1068 1880 ter
1095 1822 1127 1878 in
1156 1821 1204 1879 die

192 1909 370 1968 fomentabis
393 1928 446 1984 per
469 1909 530 1967 dies
549 1909 605 1967 VI:
628 1909 742 1984 pedem,
765 1928 852 1984 quem
876 1929 981 1969 sanum
998 1910 1097 1984 habet,
1120 1911 1204 1968 clavo
1219 1935 1245 1976 1⁶

192 1999 302 2072 ferreo,
333 1998 381 2057 vel
414 1998 439 2056 si
471 1997 612 2072 defuerit,
650 2000 769 2073 spartea
801 1998 959 2073 calceabit,
995 2000 1042 2057 cui
1073 1999 1205 2058 rotulam

193 2089 325 2164 ligneam
339 2086 465 2146 subicies
484 2091 514 2146 et
533 2087 635 2146 addita
653 2087 777 2147 fasciola
796 2088 1023 2166 diligentissime
1041 2087 1205 2165 colligabiS,

194 2180 228 2235 ut
251 2178 441 2252 suppositura
464 2176 518 2235 illa
540 2176 668 2235 faciente
690 2178 785 2252 pontis
808 2177 899 2252 illius,
923 2195 998 2252 quae
1021 2176 1130 2236 misera
1152 2178 1205 2250 est,

265 2334 281 2381 2
300 2327 373 2382 Chir.
389 2346 411 2382 c.
427 2334 469 2382 42.
543 2333 558 2381 9
579 2327 651 2382 Chir.
667 2344 689 2380 c.
705 2332 747 2381 43.

266 2470 330 2522 uin
348 2469 367 2522 f.
380 2501 410 2509 —
423 2485 476 2524 ano
491 2487 541 2524 oon.
556 2470 596 2524 ed.
607 2487 652 2539 pr.
666 2471 695 2524 A
715 2469 765 2538 lin
779 2469 1015 2538 foll-corporis
1032 2469 1112 2524 titulo
1126 2467 1207 2522 addit

194 2541 220 2594 L
237 2545 241 2610 Ι
257 2540 292 2594 al.
308 2557 419 2608 quoque
437 2542 477 2596 cd.
488 2559 533 2610 pr.
548 2542 576 2595 A
596 2544 605 2610 ΙΙ
624 2547 640 2594 4
659 2543 724 2594 sunt
742 2557 792 2596 om.
807 2543 847 2596 cd.
860 2558 903 2609 pr.
923 2557 1018 2594 curam
1037 2541 1072 2594 de
1086 2541 1114 2594 A
1133 2555 1205 2609 quae

193 2612 246 2665 hoc
264 2612 347 2664 modo
366 2614 500 2666 curantm
518 2614 563 2682 ΡΙ
579 2611 626 2666 filo
645 2614 673 2666 P
691 2615 695 2681 Ι
717 2612 919 2681 constringitur
937 2613 966 2668 P
981 2612 1206 2681 constringentur

193 2683 272 2752 ipsae
290 2701 314 2736 v.
330 2684 468 2752 cdprA
499 2686 508 2752 ΙΙ
540 2683 840 2752 olnc.c.ed.11r.A
872 2685 880 2751 ΙΙ
912 2682 1205 2753 ddeccdpaAll

194 2760 262 2808 6-7
283 2752 444 2823 Superpone
464 2754 621 2823 ruptorium
644 2758 673 2809 et
689 2755 808 2821 recedit,
827 2754 872 2808 vel
890 2754 984 2808 incide
1003 2771 1066 2807 cum
1084 2753 1157 2807 ferro
1176 2755 1206 2806 et

194 2825 334 2880 canteriza
352 2827 381 2880 P

265 2897 350 2950 9int.
365 2896 431 2950 ium.
446 2914 497 2952 om.
512 2895 552 2951 cd.
563 2914 607 2966 pr.
623 2898 651 2951 A
676 2899 680 2966 Ι
706 2898 782 2953 dev.
802 2896 915 2951 femoris
934 2896 1048 2966 sanguis
1067 2895 1205 2964 ed.pr.A

194 2969 230 3022 de
247 2987 271 3022 v.
287 2967 423 3021 femorum
442 2983 475 3021 ac
493 2986 517 3021 v.
534 2970 581 3032 Pu
597 2974 630 3020 12
648 2968 722 3022 launi
741 2968 825 3022 simul
843 2969 918 3022 tritis
937 2967 976 3022 ed.
987 2985 1033 3036 pr.
1047 2965 1065 3020 l.
1081 2969 1110 3020 et
1129 2967 1205 3035 sapie

193 3039 260 3094 trite
283 3042 311 3094 P
326 3038 344 3092 1.
360 3042 389 3093 et
406 3039 481 3110 tegle
504 3041 538 3094 tr.
558 3039 585 3092 L
603 3039 621 3093 1.
641 3042 670 3094 et
692 3039 764 3094 flede
785 3039 852 3093 tn'te
871 3041 899 3093 A
916 3040 951 3106 cf.
977 3041 1038 3108 ch.
1053 3038 1202 3108 1186,3Ι

195 3111 327 3164 adversus
340 3110 430 3180 pilum
445 3110 471 3163 d.
486 3109 651 3178 perfricabia
665 3111 693 3166 P
704 3113 713 3180 l
728 3116 761 3165 13
775 3129 811 3165 m.
826 3110 951 3179 patietur
962 3110 989 3162 L
1002 3128 1038 3163 m.
1054 3109 1166 3163 dimitte
1180 3110 1208 3162 P

193 3197 357 3250 permanere
375 3182 549 3250 permittitur
567 3183 607 3236 ed.
621 3199 663 3250 pr.
678 3183 706 3236 A
719 3184 729 3250 l
744 3188 776 3235 14
795 3181 928 3235 decoctae
945 3181 972 3236 P
986 3183 990 3250 Ι
1005 3181 1104 3250 tepida
1122 3181 1205 3233 datur

193 3253 224 3305 in
243 3253 268 3305 d.
286 3253 326 3306 ed.
342 3271 386 3320 pr.
406 3252 503 3321 tepide
526 3253 629 3306 dantur
648 3255 675 3307 A
710 3254 719 3321 ΙΙ
757 3257 789 3305 15
808 3268 858 3321 per
881 3252 941 3306 dies
960 3251 998 3305 VI
1018 3252 1090 3305 cair.
1110 3251 1161 3305 VII
1179 3253 1207 3305 P

194 3340 243 3377 om.
259 3325 330 3392 culo.
371 3329 374 3390 Ι
417 3324 503 3393 pedes
527 3341 596 3391 quoe
620 3339 701 3377 sanos
720 3323 746 3376 h.
764 3324 804 3378 ed.
816 3340 860 3392 pc.
875 3325 903 3377 A
946 3326 950 3392 1
992 3323 1089 3393 glante
1108 3323 1146 3377 cd.
1158 3339 1202 3390 pr.

194 3393 295 3463 glanco
311 3395 339 3446 A
353 3393 450 3447 clauco
465 3397 492 3450 L
511 3394 589 3448 clavo
609 3395 757 3448 Buecheler
775 3394 897 3448 clavo-
910 3401 942 3448 16
960 3397 1072 3463 spartea
1091 3411 1140 3448 om.
1157 3395 1185 3447 P
1196 3393 1205 3474 ll

195 3469 229 3516 16
248 3463 293 3517 cui
304 3495 337 3504 —
347 3482 374 3533 p.
386 3470 446 3530 174,
458 3471 472 3516 7
487 3465 580 3518 locum
594 3481 644 3519 om.
655 3467 683 3519 P
697 3467 701 3532 Ι
717 3465 762 3517 cui
776 3465 924 3519 lemniacos
939 3465 1043 3518 subicis
1053 3465 1092 3518 ed.
1100 3481 1143 3533 pr.
1160 3479 1205 3516 cur

193 3533 317 3588 lacrimis
337 3535 424 3588 enbiie
443 3537 471 3588 A
497 3538 507 3603 ΙΙ
535 3539 568 3589 18
587 3536 616 3588 et
634 3535 847 3604 suppositiciam
865 3535 952 3590 facies
970 3536 1045 3604 parti
1070 3534 1114 3588 illi
1133 3550 1205 3604 quae

194 3623 229 3658 m.
246 3621 269 3658 c.
284 3608 317 3658 ut
334 3604 434 3672 planae
453 3623 478 3657 u.
494 3606 584 3673 possit
601 3624 628 3674 p.
644 3608 683 3660 cd.
696 3623 739 3674 pr.
755 3607 783 3660 A
