2682 3920
179 231 242 294 128
618 227 752 282 VEGETI

175 399 332 475 reperitur.
374 397 524 475 Ganglion
553 399 598 456 est
627 396 727 470 tuber,
758 396 837 472 quod
866 397 901 454 fit
928 417 964 455 ex
991 397 1193 473 duplicatione

143 491 160 545 2
177 487 270 561 nervi,
288 487 394 546 similis
413 485 518 545 tubero
535 505 600 544 oum
620 485 721 544 dolore
734 484 889 544 immobili.
926 483 1042 544 Horum
1061 488 1192 545 omnium

88 647 91 653 Ι
176 595 236 634 una
255 577 300 634 est
319 576 442 634 emutio.
480 574 650 633 Iumentum
665 573 840 651 colligatum
854 572 1021 650 deponitur,
1041 577 1071 633 et
1089 577 1193 634 contra

176 666 274 723 locum
298 683 403 723 causae
427 663 539 741 sagitta
570 666 623 721 aut
652 662 794 738 scalpello
822 665 854 720 in
876 663 1001 740 longum
1028 663 1132 721 dextra
1160 682 1194 721 ao

177 753 298 812 sinistra
315 772 369 828 pro
388 770 526 812 mensum
539 750 665 811 tumoris
685 753 828 826 aperitur,
846 753 891 810 ita
905 754 940 809 ut
956 750 1055 810 media
1069 752 1194 811 fasciola
1222 773 1233 813 a

177 843 266 916 cutis,
300 860 376 916 quac
409 859 501 916 supra
533 840 619 898 tuber
651 842 709 913 est,
741 841 858 898 intacta
888 842 1070 915 permaneat.
1120 839 1194 898 Post

177 931 285 1008 egestis
318 930 366 988 vel
403 929 512 988 eversis
549 928 699 1002 omuibus,
736 947 814 1004 quae
850 932 997 988 tumorem
1029 931 1193 1003 moverant,

175 1018 399 1078 medicamentis
422 1015 658 1094 competentibus
682 1019 712 1075 et
736 1037 812 1092 quae
836 1036 926 1094 supra
949 1016 1101 1078 declarata
1123 1019 1193 1076 sunt

175 1108 348 1183 perducitur
371 1106 409 1165 ad
433 1107 609 1165 cicatricem.

449 1295 585 1359 XXXI.
609 1296 659 1360 Dc
681 1295 791 1377 lingua
813 1297 923 1360 lucica.
1207 1323 1233 1361 16

82 1437 152 1478 11131
161 1435 228 1476 Sohu
275 1424 307 1483 Si
331 1425 465 1484 iumento
487 1425 593 1502 lingua
619 1425 711 1483 fuerit
733 1425 839 1501 incisa,
867 1427 970 1483 statim
999 1443 1066 1483 cum
1092 1424 1192 1482 fibulis

176 1513 320 1588 consuito,
344 1512 449 1571 deinde
463 1509 541 1572 'vino
564 1514 680 1586 lavato,
703 1517 771 1589 post
794 1513 906 1590 gallam
929 1512 1050 1572 tundite
1074 1516 1104 1571 et
1126 1514 1191 1589 pul-

175 1621 274 1660 verem
302 1601 428 1674 cernito,
456 1620 491 1660 ex
518 1620 552 1659 eo
580 1603 721 1677 imperia,
752 1603 844 1660 donec
867 1604 1002 1676 sanetur,
1029 1603 1078 1660 cui
1107 1600 1192 1660 debis

175 1687 296 1749 faenum
327 1691 536 1748 mollissimum
573 1691 722 1750 concisum
759 1694 789 1749 et
819 1708 874 1767 pro
908 1690 1018 1749 hordeo
1054 1689 1190 1749 furfures.

175 1777 239 1837 Alii
257 1781 418 1855 postquam
438 1778 544 1838 fibulas
566 1781 714 1854 acceperit
731 1779 895 1856 linguaque
913 1777 1231 1853 vinofucritelota,1s

175 1868 235 1924 11161
248 1867 461 1942 imponendum
480 1886 542 1926 csse
562 1867 717 1940 duxerunt,
736 1870 772 1925 ut
785 1868 907 1945 plagam
925 1870 1035 1945 purget
1053 1869 1084 1924 et
1099 1870 1193 1926 curet

175 1955 224 2012 Ad
247 1954 386 2014 ultimum
409 1974 444 2014 ex
466 1957 546 2014 malo
570 1957 695 2034 granam
718 1957 870 2032 pulverem
892 1957 1064 2015 iniecerunt.

382 2145 540 2210 XXXII.
564 2145 614 2210 De
633 2147 770 2228 gingivis
793 2145 990 2210 otiantibus

82 2288 151 2328 maa
160 2286 227 2327 Sohu-
274 2273 307 2332 Si
320 2275 452 2332 iumento
461 2275 663 2334 loculamenta
678 2273 820 2348 dentium,
830 2273 848 2330 i.
864 2273 1012 2352 gingivae,
1026 2275 1074 2333 vel
1088 2275 1190 2333 dentes

176 2364 338 2436 doluerint,
360 2363 406 2434 his
430 2365 602 2440 agnoscitur
624 2363 728 2440 signis:
755 2363 899 2421 hordeum
921 2363 1050 2422 solidum
1073 2364 1190 2440 glutiet,
1204 2384 1230 2422 16

175 2451 328 2524 inacescit,
365 2451 527 2508 salivarum
560 2452 724 2527 plmimum
759 2450 897 2524 effundit,
934 2451 1074 2528 gingivae
1110 2453 1189 2510 iutu-

175 2542 316 2598 mesount.
359 2537 477 2598 Oretum
497 2537 653 2599 Cimoliam
677 2560 743 2599 oum
767 2543 850 2598 aceto
874 2540 1017 2598 acerrimo
1040 2541 1190 2598 macerato

176 2630 206 2686 ct
229 2627 375 2686 calentem
393 2627 573 2688 extrinsecus
596 2629 725 2688 maxillis
744 2628 877 2686 inducito
901 2647 937 2686 ne
955 2629 1054 2687 miuus
1078 2627 1105 2683 V
1128 2627 1189 2686 die-

175 2715 245 2774 bus:
275 2716 412 2793 gingivas
443 2718 544 2775 autom
570 2718 696 2776 interius
726 2735 792 2775 oum
822 2717 944 2792 pulvere
971 2717 1090 2776 corticis
1118 2717 1190 2774 mali

248 2873 263 2918 2
284 2865 381 2920 Chiro.
399 2871 457 2920 100.
533 2874 564 2921 11
585 2867 657 2921 chir.
673 2885 695 2920 6.
712 2873 762 2921 542
783 2867 818 2920 of.
833 2867 889 2921 Pel.
906 2885 928 2921 6.
943 2873 984 2920 66,
1064 2872 1096 2919 19
1116 2865 1188 2920 Chir.

177 2936 485 2992 cwmffloffl

249 3104 271 3150 1.
288 3104 303 3150 2
321 3097 458 3168 gangliou
469 3097 650 3152 -immobili
668 3115 719 3152 om.
734 3100 762 3151 P
784 3100 788 3164 Ι
808 3096 921 3168 glaciou
936 3098 963 3151 A
981 3099 990 3165 ΙΙ
1009 3104 1024 3150 2
1040 3097 1083 3150 his
1101 3114 1125 3150 o.
1141 3097 1190 3167 Pl!

177 3173 192 3220 3
208 3168 283 3221 circa
291 3168 309 3221 1.
321 3169 433 3223 animae
443 3171 471 3223 P
482 3170 491 3238 ll
506 3174 521 3222 6
536 3167 654 3222 fasciolo
664 3170 691 3222 A
704 3171 714 3237 11
728 3174 743 3221 6
758 3170 824 3237 post
833 3199 866 3208 —
878 3174 893 3222 9
904 3168 999 3222 cicatr.
1011 3184 1060 3223 om.
1072 3170 1099 3222 P
1111 3171 1120 3236 ΙΙ
1135 3173 1149 3220 7
1165 3184 1188 3222 e.

176 3241 205 3293 et
217 3239 317 3292 crassis
328 3255 352 3292 o.
363 3240 390 3293 A
406 3241 410 3310 1
426 3240 609 3294 moveruntA
623 3241 631 3309 ll
646 3245 708 3293 8111.
719 3238 849 3292 omnibus
864 3241 893 3293 et
903 3241 930 3295 A
946 3241 950 3306 l
967 3239 1007 3310 et]
1022 3255 1056 3294 ea
1069 3239 1161 3308 61161.
1180 3238 1190 3308 ll

176 3313 191 3360 9
210 3309 376 3378 producitur
393 3311 432 3364 cd.
443 3327 488 3380 pr.

248 3384 280 3431 11
301 3379 394 3448 ipsum
407 3398 472 3434 oum
486 3381 514 3434 P
530 3396 592 3434 eam
606 3381 686 3435 Sota.
700 3382 710 3450 ll
725 3386 757 3434 12
778 3380 803 3434 d.
819 3380 947 3450 linguam
960 3380 1078 3436 incisam
1097 3397 1121 3433 v.
1137 3382 1165 3435 P
1184 3379 1187 3474 J

176 3449 341 3502 contundite
359 3452 388 3504 P
404 3450 518 3504 condito
537 3452 565 3505 A
585 3452 594 3518 ll
614 3457 647 3504 14
665 3450 785 3504 incisum
805 3452 832 3505 A
849 3452 859 3519 ΙΙ
883 3457 915 3506 16
935 3450 985 3504 alii
1003 3458 1049 3506 etc.
1069 3468 1118 3506 om.
1137 3453 1165 3505 P
1184 3483 1186 3507 ι

176 3519 336 3587 acceperint
354 3521 512 3574 coddoorr.
528 3521 631 3588 8661611
648 3526 679 3574 16
699 3521 830 3575 dixerunt
849 3522 876 3576 A

249 3594 282 3642 19
301 3588 364 3642 loca
382 3592 409 3644 P
421 3592 430 3658 11
444 3596 478 3643 22
498 3591 632 3644 acerrimo
651 3608 701 3646 om.
716 3594 744 3645 P
755 3593 764 3660 11
779 3597 812 3644 24
831 3591 943 3646 corticis
963 3608 1013 3647 6111.
1029 3591 1089 3645 AP
