2682 3920
469 257 471 266 ι
517 225 657 279 nuncu.
676 227 689 279 1
708 233 750 292 51,
766 231 798 279 52
1122 227 1161 290 77

150 413 238 453 cursu
260 397 432 469 provocant,
456 395 617 469 aliquando
637 413 667 453 se
690 396 840 470 proiciunt
858 397 888 452 et
910 396 964 454 ilia
987 395 1044 453 sibi
1067 414 1162 454 corro-

150 484 233 557 dunt,
257 485 344 558 quasi
362 484 504 559 sculpant.
550 483 587 541 In
609 483 779 543 huiusmodi
798 484 898 543 dolore
921 503 1044 542 manum
1066 487 1163 543 mittis

149 573 182 630 in
204 573 404 648 longanonem
422 575 452 631 et
469 592 523 648 per
541 572 698 630 circuitum
716 574 749 629 in
766 574 907 631 interiore
926 576 1011 648 parte
1034 574 1164 648 plurima

149 662 216 720 loca
252 661 410 738 diligenter
444 661 605 737 temptabis
642 665 671 720 et
706 663 839 720 invenies
876 681 989 721 vermes
1026 663 1163 721 collectos

120 751 279 812 chaesisse
302 751 335 808 in
352 751 478 828 singulis
501 751 575 810 locis
596 753 627 809 et
648 752 824 809 intestinum
841 750 1027 826 pertundere,
1050 770 1085 809 ex
1105 771 1163 826 qua

150 841 326 898 necessitate
349 841 484 898 nascitur
507 839 591 898 dolor
613 839 804 930 periculosus.
850 839 963 916 Digitis
987 839 1080 897 evelle
1104 844 1197 918 coe,2

149 929 203 1003 qui
229 927 353 1003 quidem
382 930 433 986 vix
462 929 644 1002 evelluntur,
676 931 706 986 ct
734 929 801 1003 ipsa
823 928 897 986 hora
926 928 983 986 tibi
1012 929 1044 985 in
1072 948 1164 988 manu

150 1016 317 1092 cohaerent,
341 1019 376 1074 ut
394 1016 515 1076 difficile
535 1035 584 1075 eos
602 1019 739 1092 proicias,
786 1017 831 1074 Ex
850 1035 910 1092 qua
928 1019 1045 1076 ratione
1067 1017 1164 1076 multa

149 1106 284 1163 iumenta
303 1105 428 1164 caudam
446 1107 618 1182 frequenter
634 1105 800 1181 parietibus
818 1107 929 1164 fricant
947 1109 1069 1181 propter
1086 1126 1164 1165 mor-

109 1213 201 1256 rosus
219 1193 378 1252 vermium:
403 1213 476 1269 quos
497 1214 626 1272 purgare
645 1195 680 1252 de
698 1195 867 1272 longanone
891 1195 1021 1254 studiose
1045 1195 1163 1254 debebis

152 1285 183 1340 et
204 1285 357 1358 potionem
380 1283 450 1341 (lare
479 1303 533 1358 per
561 1285 705 1360 plurimos
729 1284 791 1342 dics
819 1302 896 1360 eam,
928 1303 1005 1359 quae
1028 1283 1065 1342 ad
1088 1285 1163 1342 lum·

150 1371 247 1429 bricos
270 1372 356 1447 facit3
380 1373 423 1429 ita
447 1391 547 1430 omnes
566 1391 687 1446 vermes,
712 1391 784 1448 quos
803 1391 901 1431 cossos
925 1373 1110 1448 appellamus
1134 1376 1164 1431 et

150 1461 287 1534 tineolas,
313 1460 464 1538 purgabis
507 1460 653 1520 Similiter
677 1460 768 1519 etiam
794 1463 846 1537 qui
871 1461 1030 1520 lumbricos
1053 1461 1197 1523 habant3

150 1550 183 1606 in
205 1552 321 1623 ventre,
349 1551 391 1608 sic
415 1569 464 1608 ecs
492 1552 630 1608 convenit
657 1549 781 1608 mederi:
808 1552 874 1625 pice
901 1549 1018 1625 liquida
1046 1554 1077 1609 et
1098 1551 1163 1609 o'leo

110 1660 137 1701 rs
152 1638 248 1696 calido
267 1658 350 1698 renes
374 1641 404 1697 et
422 1641 518 1698 totam
536 1641 653 1716 spinam
672 1647 738 1697 cum
757 1639 844 1698 dorso
862 1640 1023 1714 perfricare
1046 1641 1164 1715 oportet

151 1729 215 1785 tam
238 1726 302 1801 diu,
332 1727 424 1786 donec
452 1729 677 1787 calefactionem
705 1728 860 1804 patiantur
890 1748 925 1787 ex
953 1729 1104 1802 manibus,
1135 1731 1164 1786 et

152 1816 299 1875 amiculas
319 1835 420 1875 eorum
443 1819 473 1876 et
491 1836 583 1876 anum
602 1833 644 1876 ex·
657 1817 723 1876 oleo
743 1817 916 1893 complebis3
938 1819 1072 1876 ventrem
1091 1837 1163 1893 quo-

153 1924 209 1979 que
229 1906 258 1964 et
276 1905 430 1964 testiculos
444 1920 598 1984 perunges.
636 1905 736 1964 Salem
751 1908 857 1964 tritum
875 1909 905 1964 et
923 1899 990 1964 cum
1008 1907 1096 1966 melle
1115 1907 1198 1967 ‹le-4

152 1997 235 2052 cocto
259 1993 384 2052 mixtum
413 1996 446 2052 in
469 2013 559 2052 anum
582 1995 721 2069 euticies,
752 1996 864 2053 animal
893 1995 1002 2054 crebris
1031 1996 1164 2055 ambula·

111 2105 138 2144 so
152 2082 283 2141 tionibus
314 2085 503 2158 potionatnm
535 2083 689 2142 exercebis.
740 2082 773 2141 Si
804 2101 839 2141 cx
870 2083 926 2141 hac
956 2083 1072 2143 ratione
1104 2103 1164 2142 non

152 2172 348 2249 mitigaverit,
379 2171 581 2247 clysterizabis
605 2191 672 2230 eum
699 2172 797 2232 calida
820 2175 850 2230 et
872 2173 1017 2231 afronitro
1041 2174 1071 2231 et
1094 2172 1163 2231 sale.

152 2259 311 2319 Praeterea
334 2279 422 2335 super
448 2279 532 2320 renes
556 2265 586 2319 et
612 2260 732 2318 dorsum
761 2262 824 2318 eius
847 2260 1070 2320 saccellationes
1093 2261 1163 2319 cali·

152 2349 206 2407 das
229 2368 264 2406 ex
286 2349 399 2408 furfure
418 2349 520 2424 plenas
538 2351 676 2426 imponis
700 2351 816 2407 ettam
834 2348 886 2406 diu
908 2349 1064 2410 innovabis
1088 2350 1162 2408 calc-

153 2438 311 2510 iactiones‚
338 2437 430 2497 donec
460 2440 582 2498 ventum
611 2438 724 2498 reddat.
770 2437 943 2498 Potionabis
971 2457 1037 2497 cum
1066 2440 1163 2515 potio-

223 2612 239 2660 8
259 2605 331 2660 Chir.
347 2624 370 2660 c.
385 2612 445 2660 237.
519 2612 552 2661 14
572 2606 645 2662 Obir.
661 2625 683 2661 c.
700 2613 759 2662 238.

226 2756 240 2803 1·
256 2766 285 2802 se
295 2765 362 2802 corr.
373 2749 437 2803 AF
448 2751 457 2818 ΙΙ
471 2756 487 2803 2
499 2753 529 2804 et
538 2767 584 2819 qu.
594 2751 633 2804 ed.
640 2767 685 2818 ps.
703 2750 707 2821 l
724 2750 853 2819 sculpant
863 2750 956 2805 AFP
965 2750 1038 2805 Otlr.
1049 2752 1113 2804 -unt
1123 2751 1162 2803 ed.

150 2837 193 2888 pr.
220 2821 224 2890 Ι
249 2820 370 2874 inmittis
388 2822 428 2874 sd.
440 2839 484 2889 ps.
512 2823 522 2891 ll
549 2823 613 2874 tet
630 2823 720 2875 Pom.
735 2823 806 2892 ocio.
838 2824 841 2891 l
870 2821 900 2873 in
919 2821 1045 2875 interiori
1064 2839 1091 2889 p.
1106 2822 1167 2875 AP

61 2929 63 2932 -
152 2891 313 2945 interiorem
331 2893 440 2959 partem
454 2893 485 2946 F
498 2895 501 2961 l
517 2907 568 2960 per
581 2891 619 2960 pl.
634 2893 673 2946 ecl.
683 2909 729 2966 pr.
744 2895 784 2961 llo
802 2892 926 2946 haesisse
940 2895 968 2946 A
983 2893 1055 2948 oso.
1075 2892 1164 2946 exisse

152 2964 223 3032 octo.
241 2965 245 3031 l
261 2963 464 3031 pertondereA
478 2965 487 3033 ΙΙ
501 2969 516 3016 6
532 2966 561 3016 et
575 2963 631 3032 dig.
646 2965 694 3032 ΡΙΙ
709 2968 723 3016 'l
739 2963 784 3016 vix
798 2965 887 3018 osaA
903 2966 907 3032 l
923 2964 992 3017 hora
1006 2982 1056 3018 om.
1072 2964 1162 3032 ector.

153 3034 216 3088 AF
236 3036 245 3102 ll
269 3040 284 3088 8
304 3033 449 3088 occasione
467 3037 495 3088 P
515 3037 525 3104 ll
548 3039 563 3088 9
582 3051 705 3088 morsum
723 3035 762 3088 cd.
776 3051 819 3103 pr.
841 3037 851 3104 ΙΙ
874 3041 906 3088 11
926 3035 1080 3105 potionem]
1099 3037 1165 3103 post

153 3106 217 3159 AF
231 3107 312 3173 potes
331 3106 358 3159 P
385 3108 389 3173 l
419 3105 544 3174 singulos
564 3107 591 3158 P
609 3106 613 3176 l
634 3121 668 3159 ea
686 3121 758 3173 quae
775 3148 779 3158 .
797 3149 802 3159 .
818 3149 824 3159 .
839 3105 949 3160 faciunt
966 3107 1060 3161 AFP
1076 3105 1164 3159 faciat

152 3177 247 3246 castoli
263 3180 296 3228 13
315 3174 402 3229 etiam
420 3193 470 3230 om.
486 3179 535 3246 All
551 3183 584 3230 14
603 3177 643 3230 eis
662 3179 690 3231 P
707 3179 717 3246 ΙΙ
739 3182 771 3231 15
790 3176 887 3231 caledo
907 3178 957 3245 All
972 3181 1005 3230 16
1024 3177 1099 3232 calif.
1115 3177 1161 3248 Al

153 3247 299 3315 patiantur
312 3263 362 3300 om.
378 3247 406 3300 A
422 3250 425 3312 Ι
442 3249 470 3301 et
484 3266 519 3302 m.
536 3264 559 3301 a.
575 3249 603 3302 P
614 3251 623 3316 {l
639 3252 670 3300 17
690 3263 715 3301 a.
733 3247 793 3301 oleo
808 3247 973 3317 perfricabis
987 3249 1083 3332 131118
1101 3264 1163 3318 per-

152 3334 248 3458 ltlt.
261 3319 1164 3460 1111.1111111·1111111111111111

154 3459 213 3513 eius
233 3477 253 3512 s.
269 3461 314 3527 Pl
331 3460 402 3530 eius]
422 3463 450 3514 et
464 3462 492 3515 A
505 3477 555 3514 om.
570 3462 610 3516 ccl.
622 3480 666 3530 ps.
684 3465 687 3530 Ι
705 3460 838 3516 saccellos
857 3461 963 3514 calidos
980 3478 1014 3515 ex
1032 3461 1051 3514 f.
1066 3461 1163 3530 plenos

154 3531 250 3599 edm.
265 3532 322 3599 1123
342 3533 370 3584 et
388 3548 438 3585 om.
453 3531 513 3586 FP
527 3532 598 3587 Obc'r.
616 3532 850 3602 {calefactionem
869 3534 908 3587 ecl.
919 3551 963 3602 pr.
985 3535 994 3601 Η
1016 3538 1050 3584 24
1068 3548 1160 3584 verum

155 3602 182 3655 A
198 3603 202 3669 1
219 3615 350 3656 cumom.
366 3603 393 3655 A
412 3604 507 3655 autem
525 3603 584 3656 FP
596 3604 658 3669 fort.
675 3620 738 3657 eum
