2684 3926
638 231 774 288 VEGETI

472 483 604 549 cxxi.
627 483 677 548 oe
699 484 801 549 aare
822 484 952 550 aaut.

95 605 231 704 {223³
278 613 412 674 Testium
444 612 530 672 dclcr
561 611 740 673 animalibus
773 631 860 690 saepe
893 614 1054 692 contingit,
1085 611 1137 689 qui
1165 613 1210 673 his

229 701 368 779 proditur
397 701 503 780 signis:
531 720 585 761 nec
614 702 749 761 incedere
778 703 890 778 poterit
921 721 975 762 nec
1003 702 1123 778 cubare;
1157 702 1211 768 ilia

195 791 258 850 eius
280 789 426 849 inflantur
455 793 485 848 et
500 852 502 854 ,
515 790 721 850 obdurescunt.
769 789 901 860 Quorum
928 790 987 851 ista
1010 792 1125 850 curatio
1158 792 1210 850 est.

161 885 179 942 2
197 879 324 958 Sanguis
343 879 380 938 de
394 880 529 955 utrisque
543 879 704 939 femoribus
724 879 891 956 emittetur,
912 882 981 955 post
998 878 1112 942 lotium¹
1125 881 1210 938 vetus
1238 901 1250 942 c

194 967 348 1045 putridum
370 969 403 1026 in
425 985 496 1028 vase
515 971 700 1045 supponetur
722 972 752 1027 et
775 969 889 1044 lapides
912 969 1040 1028 molares
1062 968 1210 1032 ferventes

193 1057 258 1116 illic
280 1058 451 1133 mittentur,
482 1057 593 1116 animal
622 1057 702 1134 sagis
730 1057 956 1135 diligentissime
978 1075 1072 1134 usque
1089 1055 1135 1138 ,ad
1156 1075 1210 1115 un-

194 1145 281 1222 gulas
309 1145 509 1222 cooperiatur,
539 1147 574 1204 ut
596 1165 706 1222 vapore
734 1146 803 1204 lotii
830 1165 922 1205 venae
944 1146 1069 1204 testium
1095 1141 1209 1204 sudent.

193 1233 267 1294 Post
290 1252 369 1310 aqua
393 1235 490 1293 calida
514 1235 737 1310 confoveantur,
759 1236 873 1293 nitrum
892 1236 922 1293 et
941 1235 1064 1294 ‘alumen
1088 1235 1210 1294 scissum

193 1321 306 1399 pariter
328 1324 462 1384 conteres
481 1323 648 1402 diligenter,
671 1325 701 1382 et
720 1323 851 1382 admixto
876 1323 940 1387 oleo
963 1325 1053 1383 testes
1077 1319 1210 1381 fricando
1225 1344 1251 1384 ιο

160 1415 178 1473 3
194 1429 348 1492 perunges.
387 1410 419 1470 Si
437 1412 564 1472 molares
582 1413 697 1488 lapides
718 1412 875 1486 defuerint,
895 1413 1115 1488 qualescunque
1134 1412 1210 1471 cale-

194 1501 285 1560 facies
310 1502 340 1558 et
361 1501 463 1561 mittes
493 1503 525 1558 in
554 1501 669 1560 lotium.
714 1500 785 1560 Alia
814 1519 932 1576 quoque
960 1501 1049 1560 huius
1076 1502 1120 1560 rei
1143 1518 1210 1576 pro-

194 1589 276 1648 ditur
316 1588 476 1648 medicina:
518 1589 608 1649 lentis
647 1590 798 1648 heminam
836 1589 981 1664 decoquas
1020 1589 1210 1665 admixtoque

193 1679 264 1736 vino
286 1677 320 1735 in
338 1679 482 1736 mortario
500 1679 587 1751 teres,
611 1677 741 1754 cupressi
759 1677 834 1736 folia
856 1695 953 1753 scrup.
972 1677 1016 1735 IV
1034 1677 1211 1737 mollissima
1242 1696 1244 1700 ·

194 1766 308 1841 pariter
336 1766 412 1824 trita
441 1766 625 1840 commisces,
655 1765 830 1824 tantundem
861 1766 952 1824 etiam
983 1765 1089 1824 suillae
1112 1765 1210 1841 adipis
1225 1786 1252 1828 rc

194 1853 338 1930 adiunges
361 1854 523 1929 vinumque
542 1855 627 1914 uetus
650 1873 751 1914 rursus
772 1872 918 1931 asperges,
941 1872 1041 1929 panno
1064 1853 1210 1913 illinitum

194 1941 320 2002 testibus
338 1941 481 2017 impones,
505 1942 598 2002 donec
618 1943 731 2002 sanitas
754 1945 937 2019 procuretur,
984 1941 1018 2000 Si
1040 1940 1210 2002 tardabitur

194 2032 316 2106 sanitas,
338 2031 429 2090 testes
448 2030 550 2090 sueta
575 2031 719 2092 aeneum
744 2031 912 2091 cauteribus
933 2015 1014 2091 urdo
1036 2031 1085 2091 va
1104 2031 1211 2091 avua·

194 2119 366 2180 scarificatc.

265 2296 280 2343 2
301 2289 374 2344 chii.
390 2307 413 2344 c.
429 2294 489 2344 486.
550 2295 582 2343 11
604 2287 676 2344 Chir.
693 2307 715 2344 c.
731 2294 782 2344 481
803 2289 837 2343 cf.
853 2294 914 2344 484.

265 2508 279 2555 1
299 2518 398 2556 renum
415 2503 455 2556 ecl.
466 2520 511 2570 pr.
527 2503 587 2557 AP
599 2505 608 2572 ΙΙ
626 2507 642 2555 2
661 2500 801 2556 dranum
819 2501 859 2555 cd.
870 2518 915 2570 pr.
930 2518 980 2556 om.
996 2503 1074 2570 ΑΡΙ
1090 2502 1139 2570 qui
1158 2517 1208 2556 om.

192 2573 233 2628 ed.
243 2589 286 2640 pr.
300 2575 309 2642 ΙΙ
324 2578 340 2625 3
353 2573 524 2641 prodeturL
537 2574 547 2642 t
561 2578 577 2626 5
593 2571 732 2627 emittitur
745 2579 790 2626 etc.
803 2573 875 2642 cap.
893 2575 896 2641 Ι
912 2575 1011 2641 postea
1025 2574 1066 2628 cd.
1072 2590 1117 2642 pr.
1128 2571 1207 2644 AP!

193 2643 211 2696 l.
227 2643 287 2697 eius
301 2661 328 2712 p.
343 2644 370 2697 L
388 2662 413 2696 v.
428 2645 458 2697 et
471 2662 498 2713 p.
513 2645 553 2698 ed.
565 2660 610 2712 pr.
631 2644 641 2711 ΙΙ
662 2648 676 2695 ’1
692 2641 751 2696 illic
765 2658 816 2696 oro.
831 2644 871 2696 ed.
881 2659 928 2711 pr.
943 2644 1021 2714 AP!
1037 2643 1113 2713 ragis
1127 2644 1189 2698 AP
1200 2642 1211 2715 11

193 2720 210 2768 8
229 2713 372 2783 operiatur
381 2715 420 2769 ed.
426 2732 472 2784 pr.
482 2716 544 2768 ΑΡ
564 2717 568 2783 Ι
584 2713 653 2768 dent
664 2715 817 2782 anteposito
826 2713 928 2768 tucceta
937 2715 965 2768 L
977 2716 987 2784 l
1001 2719 1017 2766 9
1028 2713 1210 2770 confoventur

191 2838 263 2909 culp.
278 2840 395 2917 -eantur
409 2839 436 2892 L
470 2837 474 2909 Ι
508 2785 626 2904 edissam
643 2838 671 2892 L
697 2839 706 2907 t
734 2842 768 2890 10
787 2839 816 2890 et
834 2836 972 2892 admisces
991 2837 1085 2893 oleum
1104 2845 1210 2907 (postea

192 2945 320 3013 deletam)
331 2925 394 2998 cled
408 2945 435 2998 L
448 2946 457 3013 t
473 2950 504 2997 11
519 2943 675 3012 lapides-
685 2949 718 2996 12
733 2959 844 3013 quoque
854 2960 904 2998 om.
914 2944 955 2998 ed.
962 2960 1006 3012 pr.
1016 2945 1045 2999 A
1058 2947 1069 3012 11
1083 2950 1115 2999 12
1125 2943 1209 2998 huius

191 3014 269 3069 modi
287 3033 308 3070 r.
324 3015 363 3098 ed.
375 3032 419 3084 pr.
435 3016 462 3069 A
476 3017 485 3084 t
500 3021 533 3068 13
552 3014 771 3138 ηιθᾱὶοἰηἭηιξ
789 3014 829 3068 ed.
840 3031 885 3083 pr.
901 3016 927 3068 A
949 3017 953 3084 1
974 3031 1028 3083 que
1047 3032 1097 3070 om.
1112 3016 1151 3070 ed.
1166 3031 1208 3082 pr.

191 3086 273 3155 ΑΡΙΙ
289 3092 322 3139 14
339 3085 638 3154 rnom.ed.pr.APl
655 3103 700 3139 mo
735 3085 1210 3156 ss1meed.pr.AP1116vet.de·

192 3173 408 3282 dlddritudpsardds
427 3158 836 3297 eu.”1›{.gilstri³flflffissregpponp4s
849 3157 903 3281 etti
916 3157 1210 3282 atieAP'stqdlddirrdildd

73 3294 79 3304 ”
191 3298 226 3364 cf.
243 3299 316 3352 cair.
330 3316 352 3353 c.
367 3246 450 3369 48411
451 3271 592 3353 ‘cauteriis
610 3299 650 3353 cd.
661 3315 706 3376 pr.
721 3245 787 3353 Aplr’
797 3300 806 3365 ΙΙ
827 3303 859 3352 19
878 3297 980 3352 leniter
998 3299 1167 3353 scarificabis
1182 3301 1212 3354 P
