<?xml version="1.0" encoding="UTF-8"?>
<!DOCTYPE html PUBLIC "-//W3C//DTD XHTML 1.0 Transitional//EN"
    "http://www.w3.org/TR/xhtml1/DTD/xhtml1-transitional.dtd">
<html xmlns="http://www.w3.org/1999/xhtml" xml:lang="en" lang="en">
 <head>
  <title>
</title>
<meta http-equiv="Content-Type" content="text/html;charset=utf-8" />
  <meta name='ocr-system' content='tesseract 3.04.00' />
  <meta name='ocr-capabilities' content='ocr_page ocr_carea ocr_par ocr_line ocrx_word'/>
</head>
<body>
  <div class='ocr_page' id='page_1' title='image "./pvegetirenatidi02martgoog/pvegetirenatidi02martgoog_0161.png"; bbox 0 0 2682 3920; ppageno 0'>
   <div class='ocr_carea' id='block_1_1' title="bbox 198 239 772 306">
    <p class='ocr_par' dir='ltr' id='par_1_1' title="bbox 198 239 772 306">
     <span class='ocr_line' id='line_1_1' title="bbox 198 239 772 306; baseline -0.002 -12"><span class='ocrx_word' id='word_1_1' title='bbox 198 242 263 306; x_wconf 86' lang='lat'><strong>114</strong></span> <span class='ocrx_word' id='word_1_2' title='bbox 637 239 772 294; x_wconf 79' lang='lat' dir='ltr'>VEGETI</span> 
     </span>
    </p>
   </div>
   <div class='ocr_carea' id='block_1_2' title="bbox 159 407 1254 1707">
    <p class='ocr_par' dir='ltr' id='par_1_2' title="bbox 159 407 1254 1707">
     <span class='ocr_line' id='line_1_2' title="bbox 200 407 1213 486; baseline -0.002 -16"><span class='ocrx_word' id='word_1_3' title='bbox 200 409 353 485; x_wconf 84' lang='lat' dir='ltr'><strong>compellit</strong></span> <span class='ocrx_word' id='word_1_4' title='bbox 375 411 429 467; x_wconf 84' lang='lat' dir='ltr'><strong>aut</strong></span> <span class='ocrx_word' id='word_1_5' title='bbox 450 409 566 468; x_wconf 88' lang='lat' dir='ltr'><strong>laesum</strong></span> <span class='ocrx_word' id='word_1_6' title='bbox 596 407 716 467; x_wconf 89' lang='lat' dir='ltr'><strong>oculum</strong></span> <span class='ocrx_word' id='word_1_7' title='bbox 746 408 882 468; x_wconf 86' lang='lat' dir='ltr'><strong>dominus</strong></span> <span class='ocrx_word' id='word_1_8' title='bbox 911 427 1013 467; x_wconf 88' lang='lat' dir='ltr'><strong>curare</strong></span> <span class='ocrx_word' id='word_1_9' title='bbox 1041 410 1213 486; x_wconf 74' lang='lat' dir='ltr'><strong>neglexerit.</strong></span> 
     </span>
     <span class='ocr_line' id='line_1_3' title="bbox 164 496 1213 572; baseline 0 -16"><span class='ocrx_word' id='word_1_10' title='bbox 164 499 184 556; x_wconf 81' lang='lat'>5</span> <span class='ocrx_word' id='word_1_11' title='bbox 200 496 287 567; x_wconf 80' lang='lat' dir='ltr'><strong>Quod</strong></span> <span class='ocrx_word' id='word_1_12' title='bbox 306 515 372 556; x_wconf 89' lang='lat' dir='ltr'><strong>cum</strong></span> <span class='ocrx_word' id='word_1_13' title='bbox 391 496 509 571; x_wconf 81' lang='lat' dir='ltr'><strong>accidit,</strong></span> <span class='ocrx_word' id='word_1_14' title='bbox 528 497 631 556; x_wconf 88' lang='lat' dir='ltr'><strong>oculus</strong></span> <span class='ocrx_word' id='word_1_15' title='bbox 645 497 766 556; x_wconf 85' lang='lat' dir='ltr'><strong>videtur</strong></span> <span class='ocrx_word' id='word_1_16' title='bbox 778 496 946 571; x_wconf 89' lang='lat' dir='ltr'><strong>incolumis,</strong></span> <span class='ocrx_word' id='word_1_17' title='bbox 964 497 1054 556; x_wconf 90' lang='lat' dir='ltr'><strong>nullis</strong></span> <span class='ocrx_word' id='word_1_18' title='bbox 1072 497 1213 572; x_wconf 73' lang='lat' dir='ltr'>lacrimis,</span> 
     </span>
     <span class='ocr_line' id='line_1_4' title="bbox 198 584 1212 663; baseline 0 -19"><span class='ocrx_word' id='word_1_19' title='bbox 198 587 282 645; x_wconf 92' lang='lat' dir='ltr'><strong>nullo</strong></span> <span class='ocrx_word' id='word_1_20' title='bbox 301 586 454 663; x_wconf 85' lang='lat' dir='ltr'><strong>sanguine,</strong></span> <span class='ocrx_word' id='word_1_21' title='bbox 472 585 558 644; x_wconf 87' lang='lat' dir='ltr'><strong>nulla</strong></span> <span class='ocrx_word' id='word_1_22' title='bbox 575 584 782 663; x_wconf 75' lang='lat' dir='ltr'><strong>indignatione</strong></span> <span class='ocrx_word' id='word_1_23' title='bbox 800 585 901 662; x_wconf 78' lang='lat' dir='ltr'>prodit</span> <span class='ocrx_word' id='word_1_24' title='bbox 913 586 1063 660; x_wconf 71' lang='lat' dir='ltr'><strong>iniuriam,</strong></span> <span class='ocrx_word' id='word_1_25' title='bbox 1083 585 1135 644; x_wconf 89' lang='lat' dir='ltr'><strong>sed</strong></span> <span class='ocrx_word' id='word_1_26' title='bbox 1153 605 1212 644; x_wconf 92' lang='lat' dir='ltr'><strong>uno</strong></span> 
     </span>
     <span class='ocr_line' id='line_1_5' title="bbox 197 673 1212 752; baseline -0.002 -19"><span class='ocrx_word' id='word_1_27' title='bbox 197 677 318 734; x_wconf 87' lang='lat' dir='ltr'><strong>tantum</strong></span> <span class='ocrx_word' id='word_1_28' title='bbox 331 674 500 734; x_wconf 88' lang='lat' dir='ltr'><strong>declaratur</strong></span> <span class='ocrx_word' id='word_1_29' title='bbox 513 673 633 748; x_wconf 86' lang='lat' dir='ltr'><strong>indicio,</strong></span> <span class='ocrx_word' id='word_1_30' title='bbox 652 674 732 749; x_wconf 90' lang='lat' dir='ltr'><strong>quod</strong></span> <span class='ocrx_word' id='word_1_31' title='bbox 750 675 782 732; x_wconf 92' lang='lat' dir='ltr'><strong>in</strong></span> <span class='ocrx_word' id='word_1_32' title='bbox 800 674 918 750; x_wconf 89' lang='lat' dir='ltr'><strong>pupilla</strong></span> <span class='ocrx_word' id='word_1_33' title='bbox 936 675 1030 750; x_wconf 89' lang='lat' dir='ltr'><strong>ipsius</strong></span> <span class='ocrx_word' id='word_1_34' title='bbox 1050 675 1212 752; x_wconf 74' lang='lat' dir='ltr'><strong>imaginem</strong></span> 
     </span>
     <span class='ocr_line' id='line_1_6' title="bbox 163 762 1253 840; baseline 0.001 -19"><span class='ocrx_word' id='word_1_35' title='bbox 163 765 283 821; x_wconf 79' lang='lat' dir='ltr'><strong>sstuam</strong></span> <span class='ocrx_word' id='word_1_36' title='bbox 299 765 446 838; x_wconf 84' lang='lat' dir='ltr'><strong>tanquam</strong></span> <span class='ocrx_word' id='word_1_37' title='bbox 463 763 496 820; x_wconf 92' lang='lat' dir='ltr'><strong>in</strong></span> <span class='ocrx_word' id='word_1_38' title='bbox 519 763 640 838; x_wconf 88' lang='lat' dir='ltr'><strong>speculo</strong></span> <span class='ocrx_word' id='word_1_39' title='bbox 664 762 764 822; x_wconf 84' lang='lat' dir='ltr'><strong>videre</strong></span> <span class='ocrx_word' id='word_1_40' title='bbox 782 782 841 821; x_wconf 91' lang='lat' dir='ltr'><strong>non</strong></span> <span class='ocrx_word' id='word_1_41' title='bbox 859 765 952 839; x_wconf 85' lang='lat' dir='ltr'><strong>potes.</strong></span> <span class='ocrx_word' id='word_1_42' title='bbox 998 763 1211 840; x_wconf 88' lang='lat' dir='ltr'><strong>Hypocoriasis</strong></span> <span class='ocrx_word' id='word_1_43' title='bbox 1240 783 1253 822; x_wconf 79' lang='lat' dir='ltr'><strong>a</strong></span> 
     </span>
     <span class='ocr_line' id='line_1_7' title="bbox 159 850 1211 932; baseline -0.001 -21"><span class='ocrx_word' id='word_1_44' title='bbox 159 899 161 902; x_wconf 85' lang='lat'>.</span> <span class='ocrx_word' id='word_1_45' title='bbox 198 855 298 932; x_wconf 87' lang='lat' dir='ltr'><strong>autem</strong></span> <span class='ocrx_word' id='word_1_46' title='bbox 322 871 339 910; x_wconf 91' lang='lat' dir='ltr'><strong>a</strong></span> <span class='ocrx_word' id='word_1_47' title='bbox 367 851 474 927; x_wconf 79' lang='lat' dir='ltr'><strong>capitis</strong></span> <span class='ocrx_word' id='word_1_48' title='bbox 504 851 627 909; x_wconf 88' lang='lat' dir='ltr'><strong>humore</strong></span> <span class='ocrx_word' id='word_1_49' title='bbox 657 850 809 910; x_wconf 84' lang='lat' dir='ltr'><strong>descendit</strong></span> <span class='ocrx_word' id='word_1_50' title='bbox 838 854 869 909; x_wconf 90' lang='lat' dir='ltr'><strong>et</strong></span> <span class='ocrx_word' id='word_1_51' title='bbox 895 851 927 910; x_wconf 92' lang='lat' dir='ltr'><strong>in</strong></span> <span class='ocrx_word' id='word_1_52' title='bbox 949 870 1009 910; x_wconf 91' lang='lat' dir='ltr'><strong>uno</strong></span> <span class='ocrx_word' id='word_1_53' title='bbox 1040 851 1125 911; x_wconf 92' lang='lat' dir='ltr'><strong>oculo</strong></span> <span class='ocrx_word' id='word_1_54' title='bbox 1149 870 1211 911; x_wconf 90' lang='lat' dir='ltr'><strong>sese</strong></span> 
     </span>
     <span class='ocr_line' id='line_1_8' title="bbox 197 939 1211 1016; baseline -0.001 -17"><span class='ocrx_word' id='word_1_55' title='bbox 197 940 294 1016; x_wconf 88' lang='lat' dir='ltr'><strong>primo</strong></span> <span class='ocrx_word' id='word_1_56' title='bbox 317 939 456 1015; x_wconf 84' lang='lat' dir='ltr'><strong>ostendit,</strong></span> <span class='ocrx_word' id='word_1_57' title='bbox 481 943 586 1015; x_wconf 81' lang='lat' dir='ltr'><strong>postea</strong></span> <span class='ocrx_word' id='word_1_58' title='bbox 609 939 700 998; x_wconf 90' lang='lat' dir='ltr'><strong>etiam</strong></span> <span class='ocrx_word' id='word_1_59' title='bbox 724 940 762 998; x_wconf 89' lang='lat' dir='ltr'><strong>ad</strong></span> <span class='ocrx_word' id='word_1_60' title='bbox 785 941 913 998; x_wconf 84' lang='lat' dir='ltr'><strong>alterum</strong></span> <span class='ocrx_word' id='word_1_61' title='bbox 935 941 1052 999; x_wconf 85' lang='lat' dir='ltr'><strong>transit.</strong></span> <span class='ocrx_word' id='word_1_62' title='bbox 1098 939 1211 999; x_wconf 82' lang='lat' dir='ltr'><strong>Intelli-</strong></span> 
     </span>
     <span class='ocr_line' id='line_1_9' title="bbox 197 1026 1212 1107; baseline -0.002 -19"><span class='ocrx_word' id='word_1_63' title='bbox 197 1031 280 1106; x_wconf 88' lang='lat' dir='ltr'><strong>gitur</strong></span> <span class='ocrx_word' id='word_1_64' title='bbox 302 1032 402 1087; x_wconf 86' lang='lat' dir='ltr'><strong>autem</strong></span> <span class='ocrx_word' id='word_1_65' title='bbox 424 1029 548 1087; x_wconf 90' lang='lat' dir='ltr'><strong>humore</strong></span> <span class='ocrx_word' id='word_1_66' title='bbox 570 1028 618 1087; x_wconf 87' lang='lat' dir='ltr'><strong>vel</strong></span> <span class='ocrx_word' id='word_1_67' title='bbox 637 1027 776 1086; x_wconf 90' lang='lat' dir='ltr'><strong>lacrimis.</strong></span> <span class='ocrx_word' id='word_1_68' title='bbox 819 1026 966 1087; x_wconf 74' lang='lat' dir='ltr'><strong>Continuo</strong></span> <span class='ocrx_word' id='word_1_69' title='bbox 990 1028 1166 1107; x_wconf 89' lang='lat' dir='ltr'><strong>sanguinem</strong></span> <span class='ocrx_word' id='word_1_70' title='bbox 1184 1029 1212 1087; x_wconf 91' lang='lat' dir='ltr'><strong>ei</strong></span> 
     </span>
     <span class='ocr_line' id='line_1_10' title="bbox 198 1116 1211 1193; baseline -0.001 -18"><span class='ocrx_word' id='word_1_71' title='bbox 198 1118 234 1176; x_wconf 90' lang='lat' dir='ltr'><strong>de</strong></span> <span class='ocrx_word' id='word_1_72' title='bbox 257 1117 414 1192; x_wconf 88' lang='lat' dir='ltr'><strong>supercilio</strong></span> <span class='ocrx_word' id='word_1_73' title='bbox 433 1117 482 1175; x_wconf 85' lang='lat' dir='ltr'><strong>vel</strong></span> <span class='ocrx_word' id='word_1_74' title='bbox 500 1117 536 1175; x_wconf 93' lang='lat' dir='ltr'><strong>de</strong></span> <span class='ocrx_word' id='word_1_75' title='bbox 555 1118 621 1193; x_wconf 89' lang='lat' dir='ltr'><strong>ipsa</strong></span> <span class='ocrx_word' id='word_1_76' title='bbox 639 1120 724 1192; x_wconf 77' lang='lat' dir='ltr'><strong>parte</strong></span> <span class='ocrx_word' id='word_1_77' title='bbox 742 1120 911 1192; x_wconf 87' lang='lat' dir='ltr'><strong>temporum</strong></span> <span class='ocrx_word' id='word_1_78' title='bbox 929 1116 1076 1191; x_wconf 86' lang='lat' dir='ltr'><strong>detrahes,</strong></span> <span class='ocrx_word' id='word_1_79' title='bbox 1098 1117 1211 1176; x_wconf 89' lang='lat' dir='ltr'><strong>fomen-</strong></span> 
     </span>
     <span class='ocr_line' id='line_1_11' title="bbox 197 1203 1254 1281; baseline 0.001 -17"><span class='ocrx_word' id='word_1_80' title='bbox 197 1204 276 1266; x_wconf 85' lang='lat' dir='ltr'><strong>iabis</strong></span> <span class='ocrx_word' id='word_1_81' title='bbox 306 1225 341 1264; x_wconf 85' lang='lat' dir='ltr'><strong>ex</strong></span> <span class='ocrx_word' id='word_1_82' title='bbox 370 1205 472 1281; x_wconf 85' lang='lat' dir='ltr'><strong>tepida</strong></span> <span class='ocrx_word' id='word_1_83' title='bbox 502 1203 593 1280; x_wconf 83' lang='lat' dir='ltr'><strong>aqua,</strong></span> <span class='ocrx_word' id='word_1_84' title='bbox 628 1205 659 1263; x_wconf 90' lang='lat' dir='ltr'><strong>in</strong></span> <span class='ocrx_word' id='word_1_85' title='bbox 690 1225 749 1280; x_wconf 91' lang='lat' dir='ltr'><strong>qua</strong></span> <span class='ocrx_word' id='word_1_86' title='bbox 778 1204 892 1264; x_wconf 76' lang='lat' dir='ltr'><strong>radices</strong></span> <span class='ocrx_word' id='word_1_87' title='bbox 921 1205 1045 1264; x_wconf 80' lang='lat' dir='ltr'><strong>feniculi</strong></span> <span class='ocrx_word' id='word_1_88' title='bbox 1074 1206 1212 1265; x_wconf 86' lang='lat' dir='ltr'><strong>decoctae</strong></span> <span class='ocrx_word' id='word_1_89' title='bbox 1226 1227 1254 1265; x_wconf 81' lang='lat' dir='ltr'><strong>ro</strong></span> 
     </span>
     <span class='ocr_line' id='line_1_12' title="bbox 197 1293 1211 1372; baseline 0 -20"><span class='ocrx_word' id='word_1_90' title='bbox 197 1295 309 1352; x_wconf 89' lang='lat' dir='ltr'><strong>fuerint</strong></span> <span class='ocrx_word' id='word_1_91' title='bbox 332 1313 398 1352; x_wconf 90' lang='lat' dir='ltr'><strong>oum</strong></span> <span class='ocrx_word' id='word_1_92' title='bbox 416 1298 495 1352; x_wconf 89' lang='lat' dir='ltr'><strong>ruta.</strong></span> <span class='ocrx_word' id='word_1_93' title='bbox 536 1293 696 1353; x_wconf 86' lang='lat' dir='ltr'><strong>Praeterea</strong></span> <span class='ocrx_word' id='word_1_94' title='bbox 714 1294 839 1372; x_wconf 88' lang='lat' dir='ltr'><strong>inunges</strong></span> <span class='ocrx_word' id='word_1_95' title='bbox 863 1294 988 1369; x_wconf 84' lang='lat' dir='ltr'><strong>collyrio</strong></span> <span class='ocrx_word' id='word_1_96' title='bbox 1007 1297 1211 1370; x_wconf 84' lang='lat' dir='ltr'><strong>opopanacato</strong></span> 
     </span>
     <span class='ocr_line' id='line_1_13' title="bbox 197 1381 1211 1459; baseline -0.001 -17"><span class='ocrx_word' id='word_1_97' title='bbox 197 1387 228 1442; x_wconf 84' lang='lat' dir='ltr'><strong>et</strong></span> <span class='ocrx_word' id='word_1_98' title='bbox 251 1383 485 1459; x_wconf 87' lang='lat' dir='ltr'><strong>opobalsamato.</strong></span> <span class='ocrx_word' id='word_1_99' title='bbox 523 1381 633 1451; x_wconf 78' lang='lat' dir='ltr'><strong>Quodsi</strong></span> <span class='ocrx_word' id='word_1_100' title='bbox 663 1382 808 1442; x_wconf 82' lang='lat' dir='ltr'><strong>institeris</strong></span> <span class='ocrx_word' id='word_1_101' title='bbox 837 1382 1015 1456; x_wconf 79' lang='lat' dir='ltr'><strong>medicinae,</strong></span> <span class='ocrx_word' id='word_1_102' title='bbox 1044 1401 1098 1459; x_wconf 90' lang='lat' dir='ltr'><strong>per</strong></span> <span class='ocrx_word' id='word_1_103' title='bbox 1124 1383 1211 1441; x_wconf 88' lang='lat' dir='ltr'><strong>lacri-</strong></span> 
     </span>
     <span class='ocr_line' id='line_1_14' title="bbox 196 1470 1211 1548; baseline 0.001 -19"><span class='ocrx_word' id='word_1_104' title='bbox 196 1491 313 1530; x_wconf 89' lang='lat' dir='ltr'><strong>marum</strong></span> <span class='ocrx_word' id='word_1_105' title='bbox 336 1489 456 1530; x_wconf 89' lang='lat' dir='ltr'><strong>cursum</strong></span> <span class='ocrx_word' id='word_1_106' title='bbox 483 1470 638 1530; x_wconf 85' lang='lat' dir='ltr'><strong>consuevit</strong></span> <span class='ocrx_word' id='word_1_107' title='bbox 665 1473 783 1548; x_wconf 89' lang='lat' dir='ltr'><strong>saepius</strong></span> <span class='ocrx_word' id='word_1_108' title='bbox 807 1471 904 1548; x_wconf 93' lang='lat' dir='ltr'><strong>caligo</strong></span> <span class='ocrx_word' id='word_1_109' title='bbox 935 1473 1044 1530; x_wconf 89' lang='lat' dir='ltr'><strong>sanari.</strong></span> <span class='ocrx_word' id='word_1_110' title='bbox 1086 1471 1211 1546; x_wconf 82' lang='lat' dir='ltr'><strong>Tempo-</strong></span> 
     </span>
     <span class='ocr_line' id='line_1_15' title="bbox 161 1558 1211 1634; baseline -0.001 -16"><span class='ocrx_word' id='word_1_111' title='bbox 161 1615 165 1628; x_wconf 35' lang='grc'>1</span> <span class='ocrx_word' id='word_1_112' title='bbox 196 1559 275 1618; x_wconf 87' lang='lat' dir='ltr'><strong>rales</strong></span> <span class='ocrx_word' id='word_1_113' title='bbox 299 1579 418 1634; x_wconf 90' lang='lat' dir='ltr'><strong>quoque</strong></span> <span class='ocrx_word' id='word_1_114' title='bbox 447 1577 540 1618; x_wconf 89' lang='lat' dir='ltr'><strong>venae</strong></span> <span class='ocrx_word' id='word_1_115' title='bbox 571 1558 711 1619; x_wconf 86' lang='lat' dir='ltr'><strong>cauteriis</strong></span> <span class='ocrx_word' id='word_1_116' title='bbox 734 1561 908 1633; x_wconf 82' lang='lat' dir='ltr'><strong>inuruntur,</strong></span> <span class='ocrx_word' id='word_1_117' title='bbox 938 1562 974 1617; x_wconf 85' lang='lat' dir='ltr'><strong>ut</strong></span> <span class='ocrx_word' id='word_1_118' title='bbox 1000 1563 1134 1619; x_wconf 86' lang='lat' dir='ltr'><strong>meatum</strong></span> <span class='ocrx_word' id='word_1_119' title='bbox 1156 1560 1211 1618; x_wconf 91' lang='lat' dir='ltr'><strong>hu·</strong></span> 
     </span>
     <span class='ocr_line' id='line_1_16' title="bbox 197 1647 1253 1707; baseline 0 -1"><span class='ocrx_word' id='word_1_120' title='bbox 197 1648 287 1707; x_wconf 86' lang='lat' dir='ltr'><strong>moris</strong></span> <span class='ocrx_word' id='word_1_121' title='bbox 311 1647 478 1707; x_wconf 76' lang='lat' dir='ltr'><strong>excludent.</strong></span> <span class='ocrx_word' id='word_1_122' title='bbox 1226 1666 1253 1706; x_wconf 79' lang='lat' dir='ltr'><strong>ro</strong></span> 
     </span>
    </p>
   </div>
   <div class='ocr_carea' id='block_1_3' title="bbox 448 1854 962 1936">
    <p class='ocr_par' dir='ltr' id='par_1_3' title="bbox 448 1854 962 1936">
     <span class='ocr_line' id='line_1_17' title="bbox 448 1854 962 1936; baseline 0.004 -18"><span class='ocrx_word' id='word_1_123' title='bbox 448 1855 565 1919; x_wconf 85' lang='lat' dir='ltr'><strong><em>XVII.</em></strong></span> <span class='ocrx_word' id='word_1_124' title='bbox 588 1854 639 1919; x_wconf 88' lang='lat' dir='ltr'><strong>De</strong></span> <span class='ocrx_word' id='word_1_125' title='bbox 657 1857 852 1936; x_wconf 78' lang='lat' dir='ltr'><strong>paracentesi</strong></span> <span class='ocrx_word' id='word_1_126' title='bbox 874 1856 962 1920; x_wconf 76' lang='lat' dir='ltr'><strong>oculi.</strong></span> 
     </span>
    </p>
   </div>
   <div class='ocr_carea' id='block_1_4' title="bbox 101 1981 1253 2500">
    <p class='ocr_par' dir='ltr' id='par_1_4' title="bbox 101 1981 1213 2237">
     <span class='ocr_line' id='line_1_18' title="bbox 101 1981 1213 2062; baseline 0.002 -22"><span class='ocrx_word' id='word_1_127' title='bbox 101 1995 174 2036; x_wconf 70' lang='lat'><strong>11117</strong></span> <span class='ocrx_word' id='word_1_128' title='bbox 182 1993 250 2034; x_wconf 66' lang='lat' dir='ltr'><strong>Sota</strong></span> <span class='ocrx_word' id='word_1_129' title='bbox 296 1981 407 2052; x_wconf 80' lang='lat' dir='ltr'><strong>Quodsi</strong></span> <span class='ocrx_word' id='word_1_130' title='bbox 433 1985 479 2043; x_wconf 83' lang='lat' dir='ltr'><strong>vis</strong></span> <span class='ocrx_word' id='word_1_131' title='bbox 502 1984 649 2060; x_wconf 74' lang='lat' dir='ltr'><strong>passionis</strong></span> <span class='ocrx_word' id='word_1_132' title='bbox 671 1985 810 2043; x_wconf 82' lang='lat' dir='ltr'><strong>intulerit</strong></span> <span class='ocrx_word' id='word_1_133' title='bbox 831 1985 1030 2061; x_wconf 85' lang='lat' dir='ltr'><strong>hypochysin,</strong></span> <span class='ocrx_word' id='word_1_134' title='bbox 1053 1983 1213 2062; x_wconf 76' lang='lat' dir='ltr'><strong>diligenter</strong></span> 
     </span>
     <span class='ocr_line' id='line_1_19' title="bbox 198 2071 1211 2148; baseline 0.001 -19"><span class='ocrx_word' id='word_1_135' title='bbox 198 2071 319 2130; x_wconf 83' lang='lat' dir='ltr'><strong>attendo</strong></span> <span class='ocrx_word' id='word_1_136' title='bbox 342 2090 400 2146; x_wconf 90' lang='lat' dir='ltr'><strong>quo</strong></span> <span class='ocrx_word' id='word_1_137' title='bbox 424 2072 521 2132; x_wconf 90' lang='lat' dir='ltr'><strong>colore</strong></span> <span class='ocrx_word' id='word_1_138' title='bbox 544 2072 585 2132; x_wconf 88' lang='lat' dir='ltr'><strong>sit</strong></span> <span class='ocrx_word' id='word_1_139' title='bbox 606 2073 792 2145; x_wconf 82' lang='lat' dir='ltr'><strong>membrana,</strong></span> <span class='ocrx_word' id='word_1_140' title='bbox 816 2091 893 2148; x_wconf 87' lang='lat' dir='ltr'><strong>quaa</strong></span> <span class='ocrx_word' id='word_1_141' title='bbox 916 2072 1054 2148; x_wconf 85' lang='lat' dir='ltr'><strong>opposita</strong></span> <span class='ocrx_word' id='word_1_142' title='bbox 1076 2072 1211 2148; x_wconf 85' lang='lat' dir='ltr'><strong>pupillae</strong></span> 
     </span>
     <span class='ocr_line' id='line_1_20' title="bbox 172 2160 1211 2237; baseline 0.003 -20"><span class='ocrx_word' id='word_1_143' title='bbox 172 2165 176 2176; x_wconf 72' lang='lat'><strong>¹</strong></span> <span class='ocrx_word' id='word_1_144' title='bbox 197 2161 324 2235; x_wconf 88' lang='lat' dir='ltr'><strong>impedit</strong></span> <span class='ocrx_word' id='word_1_145' title='bbox 346 2162 455 2220; x_wconf 85' lang='lat' dir='ltr'><strong>visum:</strong></span> <span class='ocrx_word' id='word_1_146' title='bbox 480 2160 506 2220; x_wconf 90' lang='lat' dir='ltr'><strong>si</strong></span> <span class='ocrx_word' id='word_1_147' title='bbox 527 2179 635 2220; x_wconf 88' lang='lat' dir='ltr'><strong>auroso</strong></span> <span class='ocrx_word' id='word_1_148' title='bbox 658 2162 756 2220; x_wconf 90' lang='lat' dir='ltr'><strong>colora</strong></span> <span class='ocrx_word' id='word_1_149' title='bbox 778 2162 880 2237; x_wconf 82' lang='lat' dir='ltr'><strong>fucrit,</strong></span> <span class='ocrx_word' id='word_1_150' title='bbox 901 2160 1099 2220; x_wconf 81' lang='lat' dir='ltr'><strong>insanabilem</strong></span> <span class='ocrx_word' id='word_1_151' title='bbox 1123 2161 1211 2236; x_wconf 80' lang='lat' dir='ltr'><strong>scias3</strong></span> 
     </span>
    </p>

    <p class='ocr_par' dir='ltr' id='par_1_5' title="bbox 198 2248 1253 2500">
     <span class='ocr_line' id='line_1_21' title="bbox 198 2248 1253 2326; baseline 0.006 -19"><span class='ocrx_word' id='word_1_152' title='bbox 198 2248 224 2307; x_wconf 90' lang='lat' dir='ltr'><strong>si</strong></span> <span class='ocrx_word' id='word_1_153' title='bbox 248 2248 374 2308; x_wconf 89' lang='lat' dir='ltr'><strong>eandida</strong></span> <span class='ocrx_word' id='word_1_154' title='bbox 396 2249 531 2324; x_wconf 87' lang='lat' dir='ltr'><strong>nimium,</strong></span> <span class='ocrx_word' id='word_1_155' title='bbox 555 2249 646 2308; x_wconf 89' lang='lat' dir='ltr'><strong>etiam</strong></span> <span class='ocrx_word' id='word_1_156' title='bbox 664 2250 783 2309; x_wconf 85' lang='lat' dir='ltr'><strong>noveris</strong></span> <span class='ocrx_word' id='word_1_157' title='bbox 801 2270 861 2310; x_wconf 92' lang='lat' dir='ltr'><strong>non</strong></span> <span class='ocrx_word' id='word_1_158' title='bbox 879 2267 965 2325; x_wconf 91' lang='lat' dir='ltr'><strong>posse</strong></span> <span class='ocrx_word' id='word_1_159' title='bbox 984 2252 1083 2308; x_wconf 87' lang='lat' dir='ltr'><strong>curari</strong></span> <span class='ocrx_word' id='word_1_160' title='bbox 1105 2250 1210 2326; x_wconf 86' lang='lat' dir='ltr'><strong>ipsam.</strong></span> <span class='ocrx_word' id='word_1_161' title='bbox 1226 2274 1253 2313; x_wconf 82' lang='lat' dir='ltr'><strong>ro</strong></span> 
     </span>
     <span class='ocr_line' id='line_1_22' title="bbox 199 2336 1213 2416; baseline -0.001 -21"><span class='ocrx_word' id='word_1_162' title='bbox 199 2336 231 2395; x_wconf 83' lang='lat' dir='ltr'><strong>Si</strong></span> <span class='ocrx_word' id='word_1_163' title='bbox 253 2356 324 2396; x_wconf 90' lang='lat' dir='ltr'><strong>vero</strong></span> <span class='ocrx_word' id='word_1_164' title='bbox 348 2339 443 2414; x_wconf 85' lang='lat' dir='ltr'><strong>spissa</strong></span> <span class='ocrx_word' id='word_1_165' title='bbox 466 2338 571 2412; x_wconf 85' lang='lat' dir='ltr'><strong>fucrit,</strong></span> <span class='ocrx_word' id='word_1_166' title='bbox 595 2339 692 2398; x_wconf 88' lang='lat' dir='ltr'><strong>colore</strong></span> <span class='ocrx_word' id='word_1_167' title='bbox 716 2338 884 2416; x_wconf 80' lang='lat' dir='ltr'><strong>oleaginea,</strong></span> <span class='ocrx_word' id='word_1_168' title='bbox 909 2356 997 2398; x_wconf 88' lang='lat' dir='ltr'><strong>muco</strong></span> <span class='ocrx_word' id='word_1_169' title='bbox 1021 2338 1136 2412; x_wconf 85' lang='lat' dir='ltr'><strong>similis,</strong></span> <span class='ocrx_word' id='word_1_170' title='bbox 1158 2357 1213 2414; x_wconf 90' lang='lat' dir='ltr'><strong>per</strong></span> 
     </span>
     <span class='ocr_line' id='line_1_23' title="bbox 198 2426 1211 2500; baseline 0.002 -18"><span class='ocrx_word' id='word_1_171' title='bbox 198 2427 405 2500; x_wconf 83' lang='lat' dir='ltr'><strong>paracentesin</strong></span> <span class='ocrx_word' id='word_1_172' title='bbox 428 2427 466 2485; x_wconf 88' lang='lat' dir='ltr'><strong>ad</strong></span> <span class='ocrx_word' id='word_1_173' title='bbox 488 2426 641 2485; x_wconf 91' lang='lat' dir='ltr'><strong>hominum</strong></span> <span class='ocrx_word' id='word_1_174' title='bbox 665 2427 890 2485; x_wconf 68' lang='lat' dir='ltr'><strong>similitudinem</strong></span> <span class='ocrx_word' id='word_1_175' title='bbox 914 2445 981 2484; x_wconf 89' lang='lat' dir='ltr'><strong>oum</strong></span> <span class='ocrx_word' id='word_1_176' title='bbox 998 2427 1091 2486; x_wconf 84' lang='lat' dir='ltr'><strong>fucrit</strong></span> <span class='ocrx_word' id='word_1_177' title='bbox 1113 2430 1211 2486; x_wconf 88' lang='lat' dir='ltr'><strong>matu·</strong></span> 
     </span>
    </p>
   </div>
   <div class='ocr_carea' id='block_1_5' title="bbox 270 2626 1067 2685">
    <p class='ocr_par' dir='ltr' id='par_1_6' title="bbox 270 2626 1067 2685">
     <span class='ocr_line' id='line_1_24' title="bbox 270 2626 1067 2685; baseline 0.004 -4"><span class='ocrx_word' id='word_1_178' title='bbox 270 2633 285 2681; x_wconf 80' lang='grc' dir='ltr'><strong>ὅ</strong></span> <span class='ocrx_word' id='word_1_179' title='bbox 306 2626 378 2682; x_wconf 85' lang='lat' dir='ltr'><strong>Ohir.</strong></span> <span class='ocrx_word' id='word_1_180' title='bbox 394 2645 416 2682; x_wconf 93' lang='lat' dir='ltr'><strong>c.</strong></span> <span class='ocrx_word' id='word_1_181' title='bbox 434 2632 474 2682; x_wconf 78' lang='lat'><strong>70.</strong></span> <span class='ocrx_word' id='word_1_182' title='bbox 550 2634 582 2683; x_wconf 79' lang='lat'><strong>1³</strong></span> <span class='ocrx_word' id='word_1_183' title='bbox 602 2628 675 2683; x_wconf 81' lang='lat' dir='ltr'><strong>Ohir.</strong></span> <span class='ocrx_word' id='word_1_184' title='bbox 691 2646 713 2683; x_wconf 92' lang='lat' dir='ltr'><strong>c.</strong></span> <span class='ocrx_word' id='word_1_185' title='bbox 730 2635 771 2683; x_wconf 75' lang='lat' dir='ltr'><strong>tl.</strong></span> <span class='ocrx_word' id='word_1_186' title='bbox 846 2635 878 2683; x_wconf 75' lang='lat'><strong>17</strong></span> <span class='ocrx_word' id='word_1_187' title='bbox 898 2629 971 2684; x_wconf 80' lang='lat' dir='ltr'><strong>Chir.</strong></span> <span class='ocrx_word' id='word_1_188' title='bbox 987 2647 1009 2685; x_wconf 88' lang='lat' dir='ltr'><strong>c.</strong></span> <span class='ocrx_word' id='word_1_189' title='bbox 1027 2635 1067 2684; x_wconf 75' lang='lat' dir='ltr'><strong>ta.</strong></span> 
     </span>
    </p>
   </div>
   <div class='ocr_carea' id='block_1_6' title="bbox 197 2822 1214 3668">
    <p class='ocr_par' dir='ltr' id='par_1_7' title="bbox 197 2822 1213 3248">
     <span class='ocr_line' id='line_1_25' title="bbox 270 2822 1212 2894; baseline 0.002 -19"><span class='ocrx_word' id='word_1_190' title='bbox 270 2822 379 2876; x_wconf 80' lang='lat' dir='ltr'><strong>3visus</strong></span> <span class='ocrx_word' id='word_1_191' title='bbox 397 2825 510 2876; x_wconf 87' lang='lat' dir='ltr'><strong>tantum</strong></span> <span class='ocrx_word' id='word_1_192' title='bbox 528 2823 568 2878; x_wconf 81' lang='lat' dir='ltr'><strong>cd.</strong></span> <span class='ocrx_word' id='word_1_193' title='bbox 582 2840 624 2892; x_wconf 82' lang='lat' dir='ltr'><strong>pr.</strong></span> <span class='ocrx_word' id='word_1_194' title='bbox 643 2841 700 2878; x_wconf 87' lang='lat' dir='ltr'><strong>uno</strong></span> <span class='ocrx_word' id='word_1_195' title='bbox 718 2827 738 2878; x_wconf 89' lang='lat' dir='ltr'><strong>t.</strong></span> <span class='ocrx_word' id='word_1_196' title='bbox 759 2826 787 2879; x_wconf 88' lang='lat' dir='ltr'><strong><em>P</em></strong></span> <span class='ocrx_word' id='word_1_197' title='bbox 801 2840 857 2878; x_wconf 87' lang='lat' dir='ltr'><strong>uno</strong></span> <span class='ocrx_word' id='word_1_198' title='bbox 873 2825 969 2878; x_wconf 79' lang='lat' dir='ltr'><strong>tamen</strong></span> <span class='ocrx_word' id='word_1_199' title='bbox 983 2827 1012 2879; x_wconf 99' lang='lat' dir='ltr'><strong><em>A</em></strong></span> <span class='ocrx_word' id='word_1_200' title='bbox 1042 2828 1052 2894; x_wconf 91' lang='grc'><strong>11</strong></span> <span class='ocrx_word' id='word_1_201' title='bbox 1083 2829 1100 2876; x_wconf 85' lang='lat'>4</span> <span class='ocrx_word' id='word_1_202' title='bbox 1118 2823 1212 2894; x_wconf 90' lang='lat' dir='ltr'><strong>pupil-</strong></span> 
     </span>
     <span class='ocr_line' id='line_1_26' title="bbox 197 2893 1212 3019; baseline 0.004 -73"><span class='ocrx_word' id='word_1_203' title='bbox 197 2893 256 2948; x_wconf 91' lang='lat' dir='ltr'><strong>lam</strong></span> <span class='ocrx_word' id='word_1_204' title='bbox 271 2937 276 2948; x_wconf 93' lang='lat'>.</span> <span class='ocrx_word' id='word_1_205' title='bbox 293 2936 298 2948; x_wconf 91' lang='lat'><em>.</em></span> <span class='ocrx_word' id='word_1_206' title='bbox 316 2936 321 2948; x_wconf 92' lang='lat'>.</span> <span class='ocrx_word' id='word_1_207' title='bbox 337 2893 481 2963; x_wconf 89' lang='lat' dir='ltr'><strong>speculum</strong></span> <span class='ocrx_word' id='word_1_208' title='bbox 500 2895 610 2963; x_wconf 77' lang='grc' dir='ltr'>ΑΡ115</span> <span class='ocrx_word' id='word_1_209' title='bbox 629 2897 708 2948; x_wconf 86' lang='lat' dir='ltr'><strong>tuam</strong></span> <span class='ocrx_word' id='word_1_210' title='bbox 727 2912 777 2949; x_wconf 87' lang='lat' dir='ltr'><strong>om.</strong></span> <span class='ocrx_word' id='word_1_211' title='bbox 793 2897 821 2950; x_wconf 93' lang='lat' dir='ltr'><strong><em>A</em></strong></span> <span class='ocrx_word' id='word_1_212' title='bbox 837 2898 840 2963; x_wconf 96' lang='grc'>1</span> <span class='ocrx_word' id='word_1_213' title='bbox 856 2896 1010 2964; x_wconf 88' lang='lat' dir='ltr'><strong>ypocorisis</strong></span> <span class='ocrx_word' id='word_1_214' title='bbox 1029 2898 1057 2950; x_wconf 93' lang='lat' dir='ltr'><strong><em>P</em></strong></span> <span class='ocrx_word' id='word_1_215' title='bbox 1072 2897 1084 3019; x_wconf 60' lang='grc'>1</span> <span class='ocrx_word' id='word_1_216' title='bbox 1100 2901 1116 2948; x_wconf 87' lang='grc'><strong>6</strong></span> <span class='ocrx_word' id='word_1_217' title='bbox 1134 2896 1164 2948; x_wconf 94' lang='lat' dir='ltr'><strong>in</strong></span> <span class='ocrx_word' id='word_1_218' title='bbox 1182 2912 1212 2950; x_wconf 91' lang='lat' dir='ltr'><strong>u.</strong></span> 
     </span>
     <span class='ocr_line' id='line_1_27' title="bbox 198 2964 1213 3036; baseline 0.002 -18"><span class='ocrx_word' id='word_1_219' title='bbox 198 2981 222 3019; x_wconf 94' lang='lat' dir='ltr'><strong>o.</strong></span> <span class='ocrx_word' id='word_1_220' title='bbox 242 2964 387 3033; x_wconf 86' lang='lat' dir='ltr'><strong>speculum</strong></span> <span class='ocrx_word' id='word_1_221' title='bbox 406 2980 430 3018; x_wconf 91' lang='lat' dir='ltr'><strong>o.</strong></span> <span class='ocrx_word' id='word_1_222' title='bbox 450 2966 478 3019; x_wconf 95' lang='lat' dir='ltr'><strong><em>P</em></strong></span> <span class='ocrx_word' id='word_1_223' title='bbox 497 2967 507 3033; x_wconf 94' lang='grc'><strong>11</strong></span> <span class='ocrx_word' id='word_1_224' title='bbox 531 2969 545 3017; x_wconf 82' lang='grc'><strong>7</strong></span> <span class='ocrx_word' id='word_1_225' title='bbox 564 2965 687 3034; x_wconf 91' lang='lat' dir='ltr'><strong>primum</strong></span> <span class='ocrx_word' id='word_1_226' title='bbox 705 2967 733 3020; x_wconf 94' lang='lat' dir='ltr'><strong><em>A</em></strong></span> <span class='ocrx_word' id='word_1_227' title='bbox 766 2969 771 3035; x_wconf 98' lang='grc'>1</span> <span class='ocrx_word' id='word_1_228' title='bbox 803 2969 868 3035; x_wconf 84' lang='lat' dir='ltr'><strong>post</strong></span> <span class='ocrx_word' id='word_1_229' title='bbox 885 2967 947 3021; x_wconf 80' lang='grc' dir='ltr'><strong>ΑΡ</strong></span> <span class='ocrx_word' id='word_1_230' title='bbox 977 2970 981 3036; x_wconf 93' lang='grc'>1</span> <span class='ocrx_word' id='word_1_231' title='bbox 1015 2967 1073 3020; x_wconf 82' lang='lat' dir='ltr'><strong>inte</strong></span> <span class='ocrx_word' id='word_1_232' title='bbox 1085 2965 1213 3036; x_wconf 77' lang='lat' dir='ltr'><strong>ligimtur</strong></span> 
     </span>
     <span class='ocr_line' id='line_1_28' title="bbox 197 3034 1212 3106; baseline -0.001 -15"><span class='ocrx_word' id='word_1_233' title='bbox 197 3036 237 3091; x_wconf 81' lang='lat' dir='ltr'><strong>cd.</strong></span> <span class='ocrx_word' id='word_1_234' title='bbox 248 3053 292 3104; x_wconf 77' lang='lat' dir='ltr'><strong>pr.</strong></span> <span class='ocrx_word' id='word_1_235' title='bbox 308 3038 347 3104; x_wconf 84' lang='grc'><strong>119</strong></span> <span class='ocrx_word' id='word_1_236' title='bbox 366 3035 492 3089; x_wconf 75' lang='lat' dir='ltr'><strong>detrahis</strong></span> <span class='ocrx_word' id='word_1_237' title='bbox 505 3037 533 3090; x_wconf 90' lang='lat' dir='ltr'><strong><em>A</em></strong></span> <span class='ocrx_word' id='word_1_238' title='bbox 549 3038 553 3104; x_wconf 97' lang='grc'>1</span> <span class='ocrx_word' id='word_1_239' title='bbox 569 3034 765 3104; x_wconf 86' lang='lat' dir='ltr'><strong>fomentabisq.</strong></span> <span class='ocrx_word' id='word_1_240' title='bbox 785 3053 820 3090; x_wconf 86' lang='lat' dir='ltr'><strong>ex</strong></span> <span class='ocrx_word' id='word_1_241' title='bbox 833 3053 908 3106; x_wconf 87' lang='lat' dir='ltr'><strong>aqua</strong></span> <span class='ocrx_word' id='word_1_242' title='bbox 922 3037 1093 3092; x_wconf 78' lang='lat' dir='ltr'><strong>decoctionis</strong></span> <span class='ocrx_word' id='word_1_243' title='bbox 1107 3036 1212 3091; x_wconf 85' lang='lat' dir='ltr'><strong>radicis</strong></span> 
     </span>
     <span class='ocr_line' id='line_1_29' title="bbox 197 3106 1213 3179; baseline 0.002 -20"><span class='ocrx_word' id='word_1_244' title='bbox 197 3106 216 3160; x_wconf 87' lang='lat' dir='ltr'><strong>f.</strong></span> <span class='ocrx_word' id='word_1_245' title='bbox 237 3109 266 3160; x_wconf 78' lang='lat' dir='ltr'><strong>ei</strong></span> <span class='ocrx_word' id='word_1_246' title='bbox 284 3107 365 3161; x_wconf 81' lang='lat' dir='ltr'><strong>rutae</strong></span> <span class='ocrx_word' id='word_1_247' title='bbox 383 3108 412 3161; x_wconf 95' lang='lat' dir='ltr'><strong><em>P</em></strong></span> <span class='ocrx_word' id='word_1_248' title='bbox 440 3108 449 3174; x_wconf 92' lang='grc'><strong>11</strong></span> <span class='ocrx_word' id='word_1_249' title='bbox 482 3111 514 3159; x_wconf 93' lang='grc'><strong>11</strong></span> <span class='ocrx_word' id='word_1_250' title='bbox 535 3108 694 3176; x_wconf 85' lang='lat' dir='ltr'><strong>opopanato</strong></span> <span class='ocrx_word' id='word_1_251' title='bbox 720 3108 759 3163; x_wconf 85' lang='lat' dir='ltr'><strong>ed.</strong></span> <span class='ocrx_word' id='word_1_252' title='bbox 776 3124 819 3176; x_wconf 79' lang='lat' dir='ltr'><strong>pr.</strong></span> <span class='ocrx_word' id='word_1_253' title='bbox 840 3122 1003 3177; x_wconf 88' lang='lat' dir='ltr'><strong>opopanaoo</strong></span> <span class='ocrx_word' id='word_1_254' title='bbox 1025 3125 1088 3163; x_wconf 84' lang='lat' dir='ltr'><strong>sacr.</strong></span> <span class='ocrx_word' id='word_1_255' title='bbox 1108 3110 1138 3161; x_wconf 83' lang='lat' dir='ltr'><strong>to</strong></span> <span class='ocrx_word' id='word_1_256' title='bbox 1156 3109 1185 3161; x_wconf 98' lang='lat' dir='ltr'><strong><em>A</em></strong></span> <span class='ocrx_word' id='word_1_257' title='bbox 1201 3107 1213 3179; x_wconf 92' lang='grc'><strong>11</strong></span> 
     </span>
     <span class='ocr_line' id='line_1_30' title="bbox 199 3177 946 3248; baseline 0.007 -18"><span class='ocrx_word' id='word_1_258' title='bbox 199 3182 232 3231; x_wconf 76' lang='lat'><strong>12</strong></span> <span class='ocrx_word' id='word_1_259' title='bbox 251 3177 393 3230; x_wconf 74' lang='lat' dir='ltr'><strong>intentoris</strong></span> <span class='ocrx_word' id='word_1_260' title='bbox 411 3179 510 3247; x_wconf 69' lang='grc'>,41114</span> <span class='ocrx_word' id='word_1_261' title='bbox 529 3178 578 3230; x_wconf 85' lang='lat' dir='ltr'><strong>et.</strong></span> <span class='ocrx_word' id='word_1_262' title='bbox 595 3220 600 3231; x_wconf 93' lang='lat'>.</span> <span class='ocrx_word' id='word_1_263' title='bbox 617 3219 622 3232; x_wconf 91' lang='lat'>.</span> <span class='ocrx_word' id='word_1_264' title='bbox 638 3177 790 3232; x_wconf 84' lang='lat' dir='ltr'><strong>excludunt</strong></span> <span class='ocrx_word' id='word_1_265' title='bbox 807 3179 847 3233; x_wconf 86' lang='lat' dir='ltr'><strong>ed.</strong></span> <span class='ocrx_word' id='word_1_266' title='bbox 858 3196 903 3248; x_wconf 77' lang='lat' dir='ltr'><strong>pr.</strong></span> <span class='ocrx_word' id='word_1_267' title='bbox 919 3180 946 3235; x_wconf 97' lang='lat' dir='ltr'><strong><em>A</em></strong></span> 
     </span>
    </p>

    <p class='ocr_par' dir='ltr' id='par_1_8' title="bbox 197 3248 1214 3668">
     <span class='ocr_line' id='line_1_31' title="bbox 272 3248 1213 3318; baseline 0.004 -18"><span class='ocrx_word' id='word_1_268' title='bbox 272 3252 304 3300; x_wconf 86' lang='grc'>16</span> <span class='ocrx_word' id='word_1_269' title='bbox 324 3248 354 3300; x_wconf 92' lang='lat' dir='ltr'><strong>in</strong></span> <span class='ocrx_word' id='word_1_270' title='bbox 372 3249 461 3302; x_wconf 88' lang='lat' dir='ltr'><strong>oculis</strong></span> <span class='ocrx_word' id='word_1_271' title='bbox 484 3249 524 3303; x_wconf 81' lang='lat' dir='ltr'><strong>ed.</strong></span> <span class='ocrx_word' id='word_1_272' title='bbox 540 3265 584 3318; x_wconf 77' lang='lat' dir='ltr'><strong>pr.</strong></span> <span class='ocrx_word' id='word_1_273' title='bbox 604 3249 790 3317; x_wconf 79' lang='lat' dir='ltr'><strong>parcentesim</strong></span> <span class='ocrx_word' id='word_1_274' title='bbox 809 3265 832 3302; x_wconf 90' lang='lat' dir='ltr'><strong>o.</strong></span> <span class='ocrx_word' id='word_1_275' title='bbox 852 3251 881 3304; x_wconf 91' lang='lat' dir='ltr'><strong><em>A</em></strong></span> <span class='ocrx_word' id='word_1_276' title='bbox 912 3252 921 3318; x_wconf 97' lang='grc'><strong>11</strong></span> <span class='ocrx_word' id='word_1_277' title='bbox 953 3254 986 3303; x_wconf 85' lang='lat'><strong>1‘1</strong></span> <span class='ocrx_word' id='word_1_278' title='bbox 1006 3249 1166 3304; x_wconf 72' lang='lat' dir='ltr'><strong>cicatricem</strong></span> <span class='ocrx_word' id='word_1_279' title='bbox 1184 3251 1213 3304; x_wconf 90' lang='lat' dir='ltr'><strong><em>A</em></strong></span> 
     </span>
     <span class='ocr_line' id='line_1_32' title="bbox 198 3319 1214 3392; baseline 0.004 -20"><span class='ocrx_word' id='word_1_280' title='bbox 198 3319 237 3372; x_wconf 84' lang='lat' dir='ltr'><strong>cd.</strong></span> <span class='ocrx_word' id='word_1_281' title='bbox 258 3335 302 3386; x_wconf 77' lang='lat' dir='ltr'><strong>pr.</strong></span> <span class='ocrx_word' id='word_1_282' title='bbox 328 3320 432 3390; x_wconf 68' lang='lat' dir='ltr'><strong>(marco</strong></span> <span class='ocrx_word' id='word_1_283' title='bbox 457 3319 643 3389; x_wconf 80' lang='lat' dir='ltr'><strong>hypochysin)</strong></span> <span class='ocrx_word' id='word_1_284' title='bbox 671 3321 838 3374; x_wconf 87' lang='lat' dir='ltr'><strong>caecitatem</strong></span> <span class='ocrx_word' id='word_1_285' title='bbox 860 3322 889 3375; x_wconf 90' lang='lat' dir='ltr'><strong><em>P</em></strong></span> <span class='ocrx_word' id='word_1_286' title='bbox 910 3321 1080 3389; x_wconf 88' lang='lat' dir='ltr'><strong>hypochima</strong></span> <span class='ocrx_word' id='word_1_287' title='bbox 1106 3321 1178 3376; x_wconf 73' lang='lat' dir='ltr'><strong>cair.</strong></span> <span class='ocrx_word' id='word_1_288' title='bbox 1202 3320 1214 3392; x_wconf 89' lang='grc'><strong>11</strong></span> 
     </span>
     <span class='ocr_line' id='line_1_33' title="bbox 200 3388 1212 3459; baseline 0.004 -19"><span class='ocrx_word' id='word_1_289' title='bbox 200 3393 232 3441; x_wconf 83' lang='grc'>18</span> <span class='ocrx_word' id='word_1_290' title='bbox 248 3404 270 3441; x_wconf 89' lang='lat' dir='ltr'><strong>c.</strong></span> <span class='ocrx_word' id='word_1_291' title='bbox 281 3388 326 3441; x_wconf 89' lang='lat' dir='ltr'><strong>sui</strong></span> <span class='ocrx_word' id='word_1_292' title='bbox 339 3406 375 3442; x_wconf 86' lang='lat' dir='ltr'><strong>m.</strong></span> <span class='ocrx_word' id='word_1_293' title='bbox 387 3390 415 3442; x_wconf 95' lang='lat' dir='ltr'><strong><em>A</em></strong></span> <span class='ocrx_word' id='word_1_294' title='bbox 431 3392 434 3457; x_wconf 97' lang='grc'>1</span> <span class='ocrx_word' id='word_1_295' title='bbox 451 3390 582 3458; x_wconf 81' lang='lat' dir='ltr'><strong>apposita</strong></span> <span class='ocrx_word' id='word_1_296' title='bbox 595 3390 635 3445; x_wconf 85' lang='lat' dir='ltr'><strong>ed.</strong></span> <span class='ocrx_word' id='word_1_297' title='bbox 642 3407 686 3459; x_wconf 77' lang='lat' dir='ltr'><strong>pr.</strong></span> <span class='ocrx_word' id='word_1_298' title='bbox 698 3392 726 3444; x_wconf 95' lang='lat' dir='ltr'><strong><em>A</em></strong></span> <span class='ocrx_word' id='word_1_299' title='bbox 739 3393 748 3459; x_wconf 91' lang='grc'><strong>11</strong></span> <span class='ocrx_word' id='word_1_300' title='bbox 763 3395 796 3444; x_wconf 84' lang='grc'>19</span> <span class='ocrx_word' id='word_1_301' title='bbox 810 3390 903 3459; x_wconf 89' lang='lat' dir='ltr'><strong>operit</strong></span> <span class='ocrx_word' id='word_1_302' title='bbox 910 3409 935 3444; x_wconf 86' lang='lat' dir='ltr'><strong>v.</strong></span> <span class='ocrx_word' id='word_1_303' title='bbox 945 3393 974 3446; x_wconf 95' lang='lat' dir='ltr'><strong><em>P</em></strong></span> <span class='ocrx_word' id='word_1_304' title='bbox 987 3394 991 3459; x_wconf 96' lang='grc'>1</span> <span class='ocrx_word' id='word_1_305' title='bbox 1007 3392 1102 3446; x_wconf 87' lang='lat' dir='ltr'><strong>aurosi</strong></span> <span class='ocrx_word' id='word_1_306' title='bbox 1111 3391 1212 3446; x_wconf 88' lang='lat' dir='ltr'><strong>coloris</strong></span> 
     </span>
     <span class='ocr_line' id='line_1_34' title="bbox 198 3458 1212 3530; baseline 0.002 -16"><span class='ocrx_word' id='word_1_307' title='bbox 198 3461 226 3514; x_wconf 95' lang='lat' dir='ltr'><strong><em>P</em></strong></span> <span class='ocrx_word' id='word_1_308' title='bbox 237 3460 247 3527; x_wconf 91' lang='grc'><strong>11</strong></span> <span class='ocrx_word' id='word_1_309' title='bbox 261 3462 294 3511; x_wconf 76' lang='lat'><strong>20</strong></span> <span class='ocrx_word' id='word_1_310' title='bbox 313 3458 434 3513; x_wconf 89' lang='lat' dir='ltr'><strong>candido</strong></span> <span class='ocrx_word' id='word_1_311' title='bbox 448 3461 477 3513; x_wconf 98' lang='lat' dir='ltr'><strong><em>A</em></strong></span> <span class='ocrx_word' id='word_1_312' title='bbox 492 3463 496 3528; x_wconf 97' lang='grc'>1</span> <span class='ocrx_word' id='word_1_313' title='bbox 511 3461 596 3513; x_wconf 89' lang='lat' dir='ltr'><strong>nimis</strong></span> <span class='ocrx_word' id='word_1_314' title='bbox 610 3463 639 3514; x_wconf 79' lang='lat' dir='ltr'><strong>ei</strong></span> <span class='ocrx_word' id='word_1_315' title='bbox 652 3461 744 3530; x_wconf 89' lang='lat' dir='ltr'><strong>ipsam</strong></span> <span class='ocrx_word' id='word_1_316' title='bbox 758 3478 785 3514; x_wconf 91' lang='lat' dir='ltr'><strong>n.</strong></span> <span class='ocrx_word' id='word_1_317' title='bbox 800 3464 845 3529; x_wconf 90' lang='grc' dir='ltr'><strong>ΡΙ</strong></span> <span class='ocrx_word' id='word_1_318' title='bbox 862 3461 971 3515; x_wconf 86' lang='lat' dir='ltr'><strong>noveris</strong></span> <span class='ocrx_word' id='word_1_319' title='bbox 985 3478 1034 3516; x_wconf 87' lang='lat' dir='ltr'><strong>om.</strong></span> <span class='ocrx_word' id='word_1_320' title='bbox 1050 3464 1078 3516; x_wconf 93' lang='lat' dir='ltr'><strong><em>A</em></strong></span> <span class='ocrx_word' id='word_1_321' title='bbox 1094 3464 1098 3530; x_wconf 98' lang='grc'>1</span> <span class='ocrx_word' id='word_1_322' title='bbox 1115 3478 1212 3515; x_wconf 84' lang='lat' dir='ltr'><strong>curare</strong></span> 
     </span>
     <span class='ocr_line' id='line_1_35' title="bbox 197 3529 1213 3602; baseline 0.002 -19"><span class='ocrx_word' id='word_1_323' title='bbox 197 3529 238 3584; x_wconf 87' lang='lat' dir='ltr'><strong>ed.</strong></span> <span class='ocrx_word' id='word_1_324' title='bbox 250 3544 294 3596; x_wconf 79' lang='lat' dir='ltr'><strong>pr.</strong></span> <span class='ocrx_word' id='word_1_325' title='bbox 309 3530 338 3583; x_wconf 91' lang='lat' dir='ltr'><strong><em>A</em></strong></span> <span class='ocrx_word' id='word_1_326' title='bbox 359 3531 369 3597; x_wconf 92' lang='grc'><strong>11</strong></span> <span class='ocrx_word' id='word_1_327' title='bbox 391 3534 424 3582; x_wconf 76' lang='lat'><strong>21</strong></span> <span class='ocrx_word' id='word_1_328' title='bbox 444 3530 590 3600; x_wconf 83' lang='lat' dir='ltr'><strong>olcaginao</strong></span> <span class='ocrx_word' id='word_1_329' title='bbox 609 3532 638 3585; x_wconf 93' lang='lat' dir='ltr'><strong><em>P</em></strong></span> <span class='ocrx_word' id='word_1_330' title='bbox 653 3547 701 3584; x_wconf 92' lang='lat' dir='ltr'><strong>-no</strong></span> <span class='ocrx_word' id='word_1_331' title='bbox 719 3533 791 3602; x_wconf 75' lang='lat' dir='ltr'><strong>culp.</strong></span> <span class='ocrx_word' id='word_1_332' title='bbox 817 3534 821 3600; x_wconf 96' lang='grc'>1</span> <span class='ocrx_word' id='word_1_333' title='bbox 845 3533 937 3585; x_wconf 80' lang='lat' dir='ltr'><strong>mutto</strong></span> <span class='ocrx_word' id='word_1_334' title='bbox 956 3533 1025 3588; x_wconf 84' lang='lat' dir='ltr'><strong><em>PM</em></strong></span> <span class='ocrx_word' id='word_1_335' title='bbox 1044 3534 1054 3600; x_wconf 93' lang='grc'><strong>11</strong></span> <span class='ocrx_word' id='word_1_336' title='bbox 1077 3539 1110 3586; x_wconf 71' lang='grc'>11</span> <span class='ocrx_word' id='word_1_337' title='bbox 1128 3548 1213 3600; x_wconf 85' lang='lat' dir='ltr'><strong>para-</strong></span> 
     </span>
     <span class='ocr_line' id='line_1_36' title="bbox 198 3598 615 3668; baseline 0.005 -14"><span class='ocrx_word' id='word_1_338' title='bbox 198 3598 353 3654; x_wconf 81' lang='lat' dir='ltr'><strong>centensim</strong></span> <span class='ocrx_word' id='word_1_339' title='bbox 372 3601 399 3652; x_wconf 91' lang='lat' dir='ltr'><strong><em>A</em></strong></span> <span class='ocrx_word' id='word_1_340' title='bbox 417 3600 568 3668; x_wconf 88' lang='lat' dir='ltr'><strong>ypantesin</strong></span> <span class='ocrx_word' id='word_1_341' title='bbox 585 3602 615 3656; x_wconf 94' lang='lat' dir='ltr'><strong><em>P</em></strong></span> 
     </span>
    </p>
   </div>
   <div class='ocr_carea' id='block_1_7' title="bbox 0 0 1346 3920">
    <p class='ocr_par' dir='ltr' id='par_1_9' title="bbox 0 0 1346 3920">
     <span class='ocr_line' id='line_1_37' title="bbox 0 0 1346 3920; baseline 0 0"><span class='ocrx_word' id='word_1_342' title='bbox 0 0 1346 3920; x_wconf 95' lang='lat' dir='ltr'><strong> </strong></span> 
     </span>
    </p>
   </div>
  </div>
 </body>
</html>
