2682 3920
557 245 696 300 MVLOM.
715 247 728 299 l
747 253 780 300 56
1129 247 1170 311 89

164 417 256 474 deuse
284 417 355 474 iuba
387 419 414 472 et
439 416 536 473 dextro
563 418 673 474 iactata
699 417 838 474 recumbit
864 416 897 473 ire
926 433 1015 474 armo.
1062 414 1172 484 Quodsi

163 504 287 563 bicornis
310 504 401 562 fuerit
423 504 502 579 quod
525 505 633 580 vulgus
653 505 794 579 appellat,
816 504 930 563 mediae
949 505 1071 563 cervicis
1094 506 1172 564 setas

164 592 329 668 aequaliter
346 594 465 668 oportet
487 593 612 667 attondi,
634 594 679 652 ita
696 595 731 650 ut
748 595 811 650 tam
830 593 926 652 dextri
948 613 1037 668 quam
1060 593 1173 652 sinistri

164 683 269 740 limitis
292 683 466 740 continuata
493 683 580 741 series
603 681 690 740 iubae
715 683 901 756 relinquatur
923 683 1045 740 intacta.
1087 681 1173 751 Quod
1187 685 1227 741 37

137 770 357 831 mihilominus
375 771 529 829 inventum
547 773 664 829 constat
682 786 700 828 a
717 770 844 844 Parthis,
868 770 973 845 quibus
992 770 1171 829 consuetudo

165 861 210 917 est
246 877 388 933 equorum
424 877 539 935 gressus
572 858 610 918 ad
644 859 763 918 delicias
796 859 981 917 dominorum
1016 859 1071 916 hac
1108 861 1171 917 arte

163 948 292 1005 mollire:
319 947 480 1005 nonenim
507 949 624 1007 circulis
653 950 742 1022 atque
769 946 946 1023 ponderibus
973 950 1172 1024 praegravant

164 1054 263 1110 crura,
292 1039 327 1093 ut
348 1037 469 1094 tolutim
497 1036 648 1094 ambulare
676 1035 860 1110 condiscant,
890 1037 940 1095 sed
968 1039 1048 1112 ipsos
1072 1055 1171 1111 equos,

165 1143 238 1199 quos
265 1125 354 1202 vulgo
382 1124 560 1200 trepidarios
589 1125 715 1183 militari
737 1125 826 1184 verbo
853 1127 1032 1184 tottonarios
1054 1127 1171 1200 vocant,

123 1233 150 1272 ro
163 1213 207 1271 ita
217 1213 355 1271 edomant
365 1213 403 1271 ad
411 1213 565 1272 levitatem
576 1216 606 1271 et
615 1213 969 1288 quaedamblandimenta
981 1216 1127 1282 veotmae,
1137 1217 1172 1271 ut

164 1302 368 1360 asturconibus
392 1303 502 1360 similes
521 1301 686 1360 videantur.
727 1301 764 1359 In
779 1304 855 1362 sicco
874 1303 977 1378 itaque
994 1302 1169 1377 aequalique
1185 1306 1226 1363 38

163 1389 260 1448 soloL
274 1408 378 1466 passus
392 1393 425 1448 in
438 1391 561 1468 longum
575 1393 604 1449 et
613 1390 641 1447 V
650 1391 681 1448 in
695 1390 791 1449 latum
804 1391 900 1466 plenis
910 1391 1011 1449 cofinis
1025 1390 1170 1468 digeritur

163 1499 216 1554 per
226 1479 342 1537 ordines
353 1481 441 1554 oreta,
449 1479 487 1537 ad
497 1479 721 1539 similitudinem
731 1479 830 1554 stadii,
838 1479 917 1554 quod
927 1479 1077 1537 aulaoibus
1088 1489 1171 1554 aspe-

162 1569 262 1625 ratum
271 1567 479 1626 difficultatem
493 1586 632 1627 eoronam
644 1569 811 1626 velocitatis
822 1568 993 1644 optantibus
1006 1569 1126 1645 ingerit,
1139 1570 1172 1625 in

122 1675 222 1731 raquo
240 1659 338 1731 spatio
361 1675 428 1714 oum
451 1676 542 1731 equus
566 1659 802 1732 frequentissime
825 1659 952 1715 exerceri
975 1657 1116 1731 coeperit,
1138 1657 1171 1714 in

162 1745 230 1803 illos
249 1746 365 1804 aulaeas
381 1747 545 1804 necessario
563 1749 593 1804 et
608 1748 721 1821 priores
738 1746 865 1824 ungulas
882 1747 912 1804 et
925 1747 1102 1820 posteriores
1115 1747 1170 1804 im-

162 1833 273 1910 pingit,
300 1836 330 1892 et
353 1834 513 1909 aliquando
536 1836 584 1892 vel
612 1835 692 1894 cadit
714 1835 761 1893 vel
785 1837 827 1893 sio
850 1835 982 1909 offendit,
1011 1839 1045 1892 ut
1068 1834 1170 1892 cadere

161 1921 311 1996 videatur,
340 1924 409 1998 post
432 1923 511 1997 quod
534 1923 703 1982 admonitus
730 1925 841 1981 iniuria
863 1924 945 1982 tollit
972 1924 1062 1982 altius
1086 1941 1171 1981 crura

233 2098 247 2142 1
267 2089 350 2160 Verg.
365 2107 459 2160 georg.
474 2091 513 2143 ΠΙ
527 2097 568 2145 86.

234 2239 248 2286 1
268 2233 383 2286 deversa
401 2233 429 2286 A
453 2236 457 2302 Ι
482 2233 512 2286 et
529 2249 579 2286 ora.
595 2234 623 2287 P
645 2235 648 2300 Ι
674 2231 777 2286 inanuo
797 2233 825 2286 A
842 2231 883 2300 (in
901 2247 974 2284 anno
996 2233 1031 2302 G)
1051 2250 1123 2287 anno
1143 2235 1171 2286 et

162 2307 214 2358 oet.
229 2305 260 2358 F
280 2307 283 2372 Ι
307 2304 362 2357 sibi
380 2303 467 2357 comis
481 2304 509 2357 A
527 2320 613 2356 conus
631 2303 725 2356 fuerat
743 2305 770 2358 P
790 2305 799 2372 ΙΙ
820 2309 835 2355 2
855 2303 930 2370 quod
948 2303 976 2356 A
994 2306 1023 2357 et
1041 2304 1082 2357 sio
1095 2304 1171 2373 quod

162 2375 232 2431 Fet
245 2375 401 2440 haecPut
414 2375 453 2428 cd.
464 2393 509 2444 pr.
544 2377 547 2443 1
578 2377 652 2428 setas
667 2377 695 2427 et
713 2373 737 2427 si
752 2389 792 2427 ae.
809 2376 836 2428 P
860 2375 869 2442 tl
897 2375 1009 2427 3tundi
1023 2375 1171 2442 quodiam

162 2447 259 2500 dextra
278 2461 363 2514 quam
378 2445 491 2499 sinistra
505 2448 532 2499 P
543 2447 552 2514 ΙΙ
567 2451 583 2498 4
602 2445 734 2499 continua
748 2446 776 2500 A
792 2447 796 2514 Ι
811 2445 920 2498 intaeta
935 2462 985 2498 om.
1000 2449 1045 2515 ΡΙ
1062 2463 1084 2499 o.
1100 2446 1171 2500 serie

161 2552 178 2606 i.
198 2551 373 2618 reliquantur
390 2551 515 2604 intactae
534 2552 573 2605 ed.
585 2569 629 2620 pr.
648 2553 651 2619 1
668 2517 743 2621 quot
751 2554 778 2606 A
796 2555 805 2622 ΙΙ
824 2557 839 2605 5
858 2551 985 2620 patribus
1005 2553 1067 2607 AF
1077 2555 1116 2622 116
1136 2553 1171 2606 de

161 2624 214 2676 hac
233 2638 257 2676 a.
273 2624 300 2676 A
322 2624 331 2692 ΙΙ
359 2628 461 2675 Soura
480 2623 569 2676 Fora.
584 2624 623 2676 ed.
635 2640 679 2691 pr.
710 2625 714 2693 1
744 2623 829 2676 soluti
847 2624 887 2678 ed.
898 2639 942 2691 pr.
963 2622 1125 2677 attolautim
1143 2625 1171 2677 A

161 2693 243 2747 -atim
262 2695 293 2747 F
306 2695 341 2759 cf.
361 2695 436 2748 Ple'u.
451 2699 508 2748 aot.
523 2695 584 2748 hist.
605 2695 684 2748 VIII
693 2699 746 2748 166
762 2695 766 2762 Ι
782 2693 926 2747 ambulare
945 2711 994 2748 om.
1010 2697 1037 2749 A
1060 2697 1063 2764 Ι
1084 2711 1171 2761 equos

160 2782 210 2819 om.
226 2766 257 2819 F
267 2781 336 2832 quos
351 2781 400 2820 om.
416 2765 444 2818 A
465 2767 475 2833 ΙΙ
497 2769 512 2818 9
531 2764 710 2834 trepidiarios
729 2767 768 2818 ed.
780 2783 824 2834 pr.
851 2767 854 2833 Ι
878 2765 1064 2819 trectonarius
1083 2766 1147 2819 AF
1162 2765 1171 2837 ll

162 2842 194 2889 10
213 2838 343 2888 vecturae
357 2852 408 2890 om.
423 2837 450 2889 A
463 2837 473 2904 ΙΙ
488 2840 519 2887 11
540 2835 741 2889 atturtionibus
756 2838 783 2890 A
798 2837 854 2904 atq.
869 2836 1032 2890 tiuconibns
1046 2837 1093 2906 F!
1110 2854 1130 2889 s.
1145 2853 1169 2889 v.

160 2925 208 2962 om.
226 2908 257 2960 F
270 2909 415 2974 praestent
433 2907 461 2960 A
476 2908 480 2976 1
496 2906 565 2975 itaq.
585 2924 634 2962 om.
650 2908 677 2960 A
696 2907 783 2976 igitur
801 2908 831 2961 F
851 2909 861 2976 1
885 2913 917 2960 11
937 2907 1027 2960 solum
1045 2908 1076 2961 F
1087 2909 1091 2974 1
1107 2923 1171 2975 pas-

161 2996 242 3031 suum
256 2979 283 3032 A
297 2993 347 3045 per
360 2977 381 3030 L
396 2993 530 3046 passuum
547 2977 578 3030 in
596 2977 680 3046 longo
695 2978 741 3046 F}
758 2980 826 3046 etp.
846 2977 871 3030 X
885 2978 948 3032 AF
960 2979 964 3048 l
981 2977 1107 3031 confiniis
1121 2978 1149 3032 A
1162 2977 1171 3049 ll

162 3055 194 3101 13
214 3047 350 3102 aducibus
369 3050 396 3103 A
415 3047 553 3102 aulioibus
571 3050 642 3118 culp.
678 3050 681 3117 Ι
716 3049 841 3117 asperius
865 3049 902 3102 sit
924 3051 985 3102 tum
1003 3047 1171 3102 difficultate
1193 3081 1196 3092 ι

160 3121 199 3174 cd.
211 3137 255 3189 pr.
284 3123 294 3189 ll
317 3125 351 3172 14
369 3119 548 3174 velocitatem
566 3120 649 3188 AFll
664 3125 695 3172 15
715 3120 784 3186 freq.
799 3137 849 3174 om.
865 3121 893 3174 A
911 3135 951 3172 ex.
966 3119 999 3172 fr.
1015 3120 1046 3173 F
1064 3123 1073 3189 ΙΙ
1096 3125 1111 3186 ξ
1127 3124 1170 3187 37,

161 3193 301 3246 38111111
319 3193 385 3245 PM
396 3192 431 3245 V:
458 3190 556 3244 Parthi
582 3207 645 3243 oum
671 3190 761 3260 primo
785 3189 914 3258 equitant
935 3190 1040 3259 pullos,
1065 3191 1171 3244 vadunt

160 3279 224 3316 oum
249 3262 289 3314 eis
315 3261 345 3314 in
370 3261 474 3315 siccum
500 3261 674 3329 aequalemq.
703 3261 793 3314 solum
818 3261 896 3314 cuius
920 3261 1068 3331 longitudo
1094 3261 1170 3316 sitL

160 3350 306 3402 passuum,
329 3332 452 3387 latitudo
471 3332 497 3385 V
517 3331 566 3386 ubi
589 3333 626 3386 sit
649 3335 725 3386 creta
748 3333 784 3385 ad
810 3332 1022 3386 similitudinem
1047 3333 1171 3400 (modum

161 3407 196 3459 M
206 3406 243 3473 V)
262 3403 349 3457 stadii
366 3403 464 3473 (spatii
484 3405 520 3472 V)
539 3403 568 3455 in
587 3419 642 3471 quo
656 3403 717 3458 loco
737 3403 804 3472 (sive
823 3403 915 3471 spatio
930 3405 993 3458 odd.
1009 3405 1088 3472 PM)
1108 3421 1172 3457 cum

160 3474 254 3544 pullus
269 3475 392 3543 coeperit
405 3475 438 3526 fr.
451 3475 572 3528 exerceri
586 3477 595 3543 11
610 3480 642 3527 16
658 3491 721 3528 suos
731 3476 776 3542 ΡΙ
793 3474 897 3528 aulicos
907 3476 978 3544 vulp.
996 3479 999 3541 Ι
1015 3490 1074 3528 nec.
1085 3474 1170 3527 offen-

161 3546 205 3599 dit
222 3547 261 3599 ed.
273 3563 317 3614 pr.
332 3548 341 3614 1
356 3551 388 3598 11
408 3545 450 3598 ita
468 3562 492 3599 o.
508 3547 535 3599 P
551 3546 559 3613 11
579 3551 612 3598 18
631 3545 754 3599 monitus
773 3548 801 3600 P
817 3545 957 3600 amonitus
976 3547 1004 3599 A
1020 3548 1023 3614 Ι
1040 3545 1070 3598 in
1087 3544 1171 3597 initia

161 3618 229 3670 PM
237 3618 263 3671 V
277 3615 410 3668 iniuriam
428 3617 456 3669 A
