2952 3922
519 182 660 236 MVLOM.
681 183 721 236 lv
741 188 782 249 ro,
800 189 829 236 11
1122 182 1201 247 295:

165 351 279 427 raverit
304 351 493 427 suppuratio,
520 350 706 410 rescindetur
727 352 806 409 ferro
835 353 999 425 emissaque
1029 353 1124 425 sanie,
1153 354 1186 408 ut

166 458 257 513 supra
280 438 445 514 docuimuS,
473 442 656 514 percuratur.
702 439 806 499 Potest
833 439 924 498 etiam
947 439 1033 498 radix
1056 440 1114 497 lilii
1137 440 1220 498 velt

166 529 251 586 scilla
279 547 346 586 cum
376 529 438 587 sale
469 529 517 587 vel
543 528 636 587 herba
666 529 865 606 sanguinalis,
895 548 986 603 quam
1013 529 1184 606 polygonon
1422 517 1437 589 4

166 615 280 676 Graeci
305 617 473 693 appellant,
509 618 558 676 vel
594 617 781 676 marrubium
817 619 895 676 ferro
932 620 1037 693 aperta
1070 637 1183 676 sanare.
1436 603 1437 616 ¹

135 703 270 766 sOmnis
284 761 286 765 ,
302 709 402 765 autom
425 709 556 782 eorporis
585 707 682 780 dolor,
709 708 735 765 si
764 706 827 766 sine
850 707 973 764 uulnere
997 705 1055 780 est,
1082 725 1183 765 recens
1390 771 1391 777 ¹

166 793 305 854 fomentis
333 796 439 859 melius
467 795 640 870 discutitur3
668 799 753 854 vetus
783 799 883 854 autem
910 797 1009 854 uritur
1036 797 1066 853 et
1093 814 1183 870 supra
1381 795 1388 884 4

164 883 273 942 vulnus
296 884 438 960 butyrum
461 883 509 943 vel
534 887 656 960 caprina
679 884 812 944 stillatur
836 883 973 962 axungia.
1380 889 1381 907 ¹

524 1074 586 1138 XI.
609 1074 665 1138 Ad
685 1075 825 1140 scabiem.
881 1163 884 1173 y

1373 1148 1374 1182 l

231 1201 351 1262 Scabies
387 1206 511 1263 sanatur
542 1205 616 1262 trito
653 1204 713 1262 alio
748 1197 906 1263 defricata:
945 1200 1105 1280 eodemque
1151 1197 1264 1292 1225„ss

120 1292 293 1352 reremedio
317 1292 428 1351 rabiosi
452 1311 570 1368 quoque
596 1294 677 1352 canis
703 1312 817 1352 morsus
841 1296 972 1366 sanatur,
998 1293 1045 1352 vel
1064 1292 1129 1368 lupi
1372 1290 1373 1298 ’

163 1381 259 1439 dentis
283 1382 390 1440 vulnus
409 1381 536 1440 illatum.
574 1380 667 1440 Vetus
689 1401 807 1457 quoqne
830 1383 1045 1440 salsamentum
1068 1385 1180 1441 utrem-

162 1489 219 1544 que
242 1471 364 1547 plagam
387 1489 490 1530 curare
517 1469 698 1546 perhibetur.
744 1471 792 1528 Ad
816 1470 946 1530 scabiem
974 1473 1074 1530 autem
1096 1474 1215 1547 prae-2

161 1559 274 1618 sentior
296 1561 355 1618 ista
374 1561 521 1618 medicina
545 1563 603 1618 est:
627 1561 727 1618 cunila
745 1560 856 1618 bubula
877 1561 1031 1635 sulfurqne
1054 1563 1180 1619 conteri·

160 1650 211 1705 tur
234 1648 425 1724 admixtaque
448 1667 570 1708 amurca
593 1668 661 1708 cum
684 1649 749 1708 oleo
774 1652 863 1725 atque
893 1652 976 1708 aceto
1005 1649 1182 1725 decoquitur

120 1761 146 1798 15
161 1739 190 1794 et
214 1756 281 1796 cum
304 1740 452 1814 tepescere
476 1739 619 1814 coeperit,
643 1733 763 1797 alumen
785 1740 909 1798 scissum
931 1739 1038 1797 tritum
1061 1758 1179 1816 sparge·

160 1828 222 1883 tur:
246 1827 328 1902 quod
350 1828 600 1886 medicamentum
622 1827 767 1885 candente
795 1827 856 1886 sole
883 1827 1029 1886 illinitum
1052 1827 1179 1886 maxime
1371 1823 1373 1907 4

159 1915 289 1989 prodest.
335 1915 491 1974 Ulceribus
521 1917 669 1993 gallenum
698 1918 839 1976 tritarum
868 1916 967 1992 pulvis
998 1918 1179 1995 aspergitur3
1434 1911 1435 1916 '

160 2022 248 2061 sucus
271 2023 388 2080 quoque
412 2005 557 2063 marrubii
580 2023 647 2063 cum
670 2005 795 2082 fuligine
820 2008 907 2063 sanat
929 2006 1095 2080 impositus.

162 2106 375 2114 ..—--.——

232 2159 247 2207 9
268 2154 324 2208 Col.
340 2155 378 2208 VI
398 2161 439 2208 13.

234 2285 246 2331 1
273 2279 447 2334 rescindetur
466 2280 492 2333 L
513 2281 567 2334 Ool.
596 2280 734 2333 scinditur
760 2281 832 2350 culp.
855 2281 994 2352 -§1.2
1021 2280 1061 2334 sic
1084 2281 1115 2333 in
1138 2282 1178 2334 P:

159 2349 245 2403 confr.
266 2353 331 2404 sunt
350 2353 379 2405 et
398 2353 478 2404 aceto
497 2348 589 2404 c'alido
609 2354 638 2406 et
655 2351 707 2403 lini
727 2351 833 2405 semine
853 2353 902 2404 aut
920 2369 956 2404 m.
977 2353 1125 2404 contusum
1148 2353 1177 2405 et

159 2425 269 2475 coctum
294 2422 324 2474 in
350 2438 374 2475 a.
398 2422 490 2475 mulsa
514 2425 543 2475 et
564 2422 729 2491 impositum
753 2422 884 2491 perducit
909 2423 946 2475 ad
970 2422 1175 2477 maturitatem:

158 2509 214 2560 quo
241 2492 317 2546 facto
344 2493 489 2546 scindatur
511 2492 585 2547 ferro
611 2495 639 2546 et
667 2494 760 2547 sanies
788 2493 936 2547 emittatur
954 2495 983 2547 et
1007 2495 1120 2547 curetur
1144 2497 1176 2546 ut

159 2582 179 2618 s.
195 2565 221 2617 d.
250 2567 258 2632 44
291 2567 355 2617 2et
373 2569 438 2634 post
456 2566 483 2619 L
501 2568 599 2634 potum
614 2565 646 2618 ‘P
675 2567 684 2633 44
717 2563 855 2632 3sqnilla
874 2565 913 2618 ed.
924 2583 969 2633 pr.
987 2567 1014 2619 A
1033 2564 1132 2617 savilla
1151 2566 1179 2618 P

158 2635 263 2704 scyllae
282 2637 308 2690 L
325 2639 329 2704 4
345 2635 506 2706 sanguinali
521 2638 581 2691 LP
604 2639 609 2704 4
634 2637 818 2706 polygonium
837 2637 863 2690 L
882 2636 952 2688 -iam
971 2638 999 2690 P
1014 2636 1176 2706 palaganon

157 2708 196 2760 ed.
204 2725 248 2776 pr.
264 2708 292 2760 A
306 2707 382 2776 (pel.)
396 2711 405 2776 44
419 2713 435 2760 4
449 2708 592 2761 marrubio
606 2709 633 2761 P
647 2712 650 2775 4
667 2707 762 2760 sanari
775 2709 802 2761 L
816 2710 825 2776 44
839 2713 854 2759 6
870 2707 970 2760 melius
981 2708 1041 2761 LP
1052 2706 1175 2760 mellinis

157 2779 196 2832 ed.
208 2795 253 2847 pr.
268 2779 277 2846 44
293 2784 306 2830 7
326 2777 371 2831 vel
389 2778 415 2831 b.
435 2778 479 2832 vel
499 2797 520 2832 c.
541 2777 697 2838 instillatur
715 2794 739 2832 a.
759 2780 799 2832 ed.
810 2796 855 2846 pr.
872 2781 898 2832 A

228 2855 244 2902 8
264 2851 360 2903 lemma
378 2851 410 2902 ia
428 2851 520 2904 LAP
532 2854 570 2918 449
590 2849 698 2904 scavies
718 2850 810 2902 anatis
829 2851 869 2903 ecl.
880 2868 924 2918 pr.
946 2849 1039 2902 scabie
1059 2852 1174 2902 sanatus

158 2922 185 2974 A
201 2924 204 2989 4
221 2920 366 2974 tritaoleo
381 2921 420 2974 ed.
434 2938 477 2988 pr.
493 2921 596 2975 Aoleo
611 2920 756 2988 etiamL44
772 2925 805 2974 10
820 2937 931 2987 quoque
946 2937 996 2974 om.
1012 2920 1051 2974 ed.
1063 2938 1108 2989 pr.
1124 2920 1171 2992 A4

156 2992 268 3046 morbus
287 2993 327 3046 ed.
338 3009 383 3060 pr.
399 2992 439 3046 L²
455 2995 459 3059 4
475 2992 536 3061 lupi
556 2992 653 3045 dentes
670 3009 694 3045 v.
709 2992 727 3045 i.
743 2992 769 3044 L
788 2991 880 3059 lupini
894 3009 922 3044 .v.
942 2991 960 3044 i.
980 2992 1020 3044 ed.
1032 3009 1076 3058 pr.
1093 2994 1127 3046 A.
1140 3024 1173 3031 —

155 3064 206 3134 §1
224 3066 264 3117 sic
283 3065 314 3116 ia
328 3065 367 3118 P:
392 3063 521 3116 scabiosa
543 3064 612 3117 trita
636 3080 699 3116 cum
720 3062 781 3116 oleo
805 3065 925 3131 utramq.
946 3062 1102 3132 plagam-c.
1117 3081 1144 3131 p.
1164 3063 1174 3134 44

158 3140 189 3186 12
209 3137 303 3187 autem
322 3133 479 3203 L'quoque
498 3141 555 3189 cett.
580 3137 584 3202 4
606 3151 738 3203 praesens
757 3153 792 3187 m.
813 3137 856 3188 est
875 3137 903 3188 P
924 3136 932 3202 44
958 3140 989 3186 13
1009 3133 1126 3186 concula
1146 3135 1173 3187 L

156 3205 244 3258 sanda
259 3207 286 3259 P
299 3205 323 3258 si
338 3206 483 3259 cumulem
493 3205 629 3260 bubulam
644 3207 683 3259 ed.
696 3223 740 3274 pr.
756 3207 784 3258 A
797 3208 806 3274 44
822 3211 855 3258 14
875 3205 1001 3258 admixta
1016 3220 1090 3274 aqua
1105 3221 1129 3258 a.
1146 3204 1172 3257 L

156 3276 309 3344 admixtaq.
325 3277 439 3344 myrrha
453 3279 492 3330 ed.
504 3295 548 3345 pr.
565 3279 626 3330 ΑΡ
637 3279 646 3345 44
663 3283 693 3330 1ὁ
708 3277 804 3345 tepere
819 3278 846 3330 P
860 3278 864 3342 4
881 3276 1003 3344 spissum
1017 3276 1044 3328 L
1057 3293 1108 3330 om.
1124 3277 1151 3330 P
1165 3276 1168 3349 4

156 3347 327 3416 inspergitur
341 3349 381 3401 ed.
396 3367 437 3416 pr.
454 3350 481 3402 A
500 3349 667 3418 aspergatur
681 3349 708 3402 P
720 3350 729 3416 44
744 3354 776 3400 16
796 3347 943 3402 candentis
962 3347 1018 3400 olei
1032 3349 1060 3401 L
1073 3348 1113 3400 ed.
1124 3364 1170 3415 pr.

156 3419 182 3471 A
201 3435 256 3486 quc
275 3421 399 3488 ungatur
422 3420 459 3472 ad
478 3420 566 3473 solem
585 3419 696 3472 fortiter·
715 3421 743 3471 P
770 3424 773 3487 4
803 3418 924 3472 maxime
943 3435 993 3473 om.
1009 3420 1048 3472 col.
1060 3435 1104 3487 pr.
1120 3420 1148 3472 A
1162 3421 1171 3488 44

157 3494 188 3540 17
207 3489 370 3542 vulneribus
385 3490 412 3542 L
428 3493 432 3560 4
448 3491 620 3560 inspergitur
638 3491 678 3545 cd.
691 3508 734 3558 pr.
750 3492 777 3544 A
796 3491 916 3542 maxime
935 3490 1051 3560 prodest
1069 3488 1171 3542 ulceri-

155 3561 206 3612 bus
224 3564 343 3629 g.tr.p.
363 3562 392 3615 ot
411 3578 493 3614 sucus
512 3579 626 3614 mcum
645 3561 708 3616 f.P
