2682 3920
201 210 245 274 64
640 207 775 264 VEGETI

199 379 227 435 ei
249 379 380 437 lactucas
408 379 455 438 vel
479 397 601 456 gramen
629 377 789 455 diligenter
817 379 912 438 lotum
942 381 1032 455 atque
1055 380 1215 453 conessum,

143 471 181 526 11
199 469 410 542 consequenter
429 467 551 528 damnus
569 467 741 526 huiusmodi
758 469 924 544 potionem:
947 486 1050 526 sucum
1068 469 1216 542 ptisanae,

197 574 331 632 passum,
359 574 428 630 ova,
458 556 557 616 oleum
585 574 715 630 roseum,
744 575 818 631 quae
849 558 949 616 omnia
977 557 1090 633 pariter
1119 558 1215 616 mixta

198 664 251 721 per
277 645 410 705 triduum
437 643 536 719 dabis,
564 646 609 704 ita
638 647 673 704 ut
701 645 844 704 hordeum
872 647 969 720 primo
999 643 1216 706 decorticatum

198 736 399 809 siccatumque
435 732 601 794 manducet.
652 732 906 794 Praemonendum
945 737 1046 794 autem
1082 737 1140 808 ast,
1176 753 1214 796 ne
1244 755 1257 795 s

196 825 329 882 iumento
353 843 388 882 ex
417 824 579 884 coactionis
608 823 719 882 iniuria
747 822 898 884 laboranti
924 824 1023 900 pulses
1051 841 1141 884 venas
1165 841 1214 884 ca-

197 913 304 988 lentcs3
339 914 479 972 continuo
511 913 591 972 enim
625 930 784 972 nervorum
816 914 980 972 contractio
1012 915 1043 971 at
1073 911 1214 972 debilitas

142 1003 182 1060 12
198 1003 396 1078 consequitur.
438 998 565 1077 Oportet
591 1002 691 1060 sutem
722 1018 818 1060 armos
840 1019 943 1060 eorum
970 1003 1001 1060 et
1023 1020 1120 1078 genna
1142 1002 1213 1062 vino

161 1151 163 1156 ,
198 1090 294 1149 calido
318 1092 348 1148 et
370 1089 435 1149 oleo
458 1089 559 1165 tepido
582 1089 762 1165 suffundere,
791 1091 946 1166 totumque
975 1108 1081 1166 cerpus
1103 1090 1213 1150 multo·

197 1199 264 1236 rum
285 1179 423 1238 manibus
442 1177 608 1238 diutissima
629 1179 792 1240 confricare
815 1181 846 1238 et
862 1178 928 1240 loco
946 1181 1079 1239 statuere
1101 1179 1212 1256 tepido,
1227 1201 1255 1240 ro

196 1267 301 1326 mollia
323 1267 360 1328 de
390 1269 500 1328 siccato
524 1271 652 1328 stercore
679 1268 727 1328 vol
755 1267 791 1328 de
820 1268 915 1345 paleis
944 1270 1040 1328 strata
1063 1267 1211 1345 praebere.

197 1355 394 1416 Posteriorem
422 1359 540 1433 partem
566 1356 724 1418 flebotomo
749 1357 836 1416 lassis
865 1376 926 1417 non
948 1360 1066 1432 oportet
1093 1359 1212 1434 attingi,

196 1465 233 1504 ne
256 1447 375 1522 penitis
399 1448 556 1506 evirentrm
598 1443 683 1514 Quod
710 1447 851 1506 sirenae
878 1448 910 1504 in
936 1446 1071 1506 cruribus
1094 1448 1212 1506 tument

197 1537 227 1594 et
248 1536 355 1612 plenae
378 1538 449 1594 sunt
471 1536 603 1609 humore,
626 1535 662 1594 de
685 1536 800 1596 coronis
824 1537 945 1612 sanguis
968 1537 1130 1596 auferatur.

324 1741 498 1806 xxxix.
521 1723 725 1806 nicaeae
741 1742 944 1824 parantes
965 1743 1088 1808 venas.
1226 1768 1251 1809 a

35 1883 99 1925 1111
115 1855 182 1925 seni.
263 1872 332 1931 Non
354 1873 452 1930 minus
475 1871 588 1931 multae
612 1873 642 1930 et
664 1871 804 1930 obscurae
823 1871 1008 1932 valetudines
1031 1873 1063 1932 in
1085 1874 1209 1934 internis

169 1973 172 1982 “
196 1961 371 2020 animalium
394 1980 485 2037 quam
502 1960 656 2019 hominum
679 1962 803 2020 existere
825 1964 1047 2036 consueverunt,
1069 1963 1161 2021 immo
1184 1963 1210 2022 si

194 2069 299 2110 verum
330 2050 499 2126 quaerimus
530 2068 623 2128 propa
657 2069 743 2126 pares
777 2052 868 2125 atque
897 2051 1065 2110 consimiles
1098 2068 1208 2110 sumus.

194 2139 274 2198 Nam
297 2139 484 2213 animalibus,
507 2140 578 2216 quia
600 2139 763 2198 rationales
786 2157 895 2213 sumus,
917 2140 981 2198 sola
1003 2141 1102 2198 mente
1125 2158 1209 2215 prae·

196 2231 320 2302 stamus3
351 2229 481 2305 corporis
511 2247 581 2286 varo
610 2231 720 2287 natura
742 2229 905 2287 communis
934 2229 992 2302 est,
1021 2229 1149 2286 maxime
1176 2230 1208 2286 in
1222 2249 1249 2289 so

161 2317 354 2376 2doloribua
408 2316 550 2376 Dolorem
582 2318 694 2376 ventris
725 2318 758 2376 in
788 2318 930 2376 iumentis
962 2306 1208 2378 veterinariorum

266 2492 282 2539 5
301 2486 374 2540 chir.
390 2503 412 2540 c.
429 2491 488 2540 161.
581 2491 613 2538 12
634 2484 706 2540 Chic.
722 2502 744 2538 c.
761 2491 819 2538 162.
913 2491 945 2540 13
965 2484 1037 2539 Chir.
1054 2502 1076 2539 c.
1093 2491 1153 2540 163.

194 2563 227 2610 al
247 2555 320 2612 Chir.
336 2573 359 2610 c.
374 2562 434 2610 205.

266 2715 516 2786 ldiligentissime
534 2717 563 2770 P
589 2718 593 2785 Ι
623 2715 757 2770 confisum
776 2718 804 2771 P
828 2719 837 2786 ΙΙ
865 2719 1024 2770 brocatum
1042 2717 1081 2770 cd.
1093 2733 1137 2785 pr.
1153 2717 1205 2788 ΔΙ

193 2803 252 2856 par.
274 2805 310 2840 m.
332 2804 383 2842 om.
405 2789 434 2842 P
453 2787 543 2840 mixta
568 2803 618 2841 cra.
634 2788 662 2841 A
692 2789 702 2858 ss
733 2787 796 2840 ih.
815 2805 866 2856 pro
891 2787 1068 2841 modulatum
1090 2788 1179 2843 APF
1198 2787 1208 2859 Η

193 2864 209 2912 ὁ
229 2861 324 2912 autem
337 2875 387 2913 om.
403 2860 431 2913 P
442 2860 451 2928 ll
465 2865 481 2912 6
496 2857 653 2913 calantica,
664 2875 709 2927 pr.
727 2861 731 2928 Ι
746 2875 782 2913 ne
795 2859 951 2912 iumentum
965 2875 999 2912 ex
1013 2858 1207 2913 enactionibus

192 2929 326 2988 iniuriam
343 2930 472 2983 laborum
490 2929 625 2998 impulsas
643 2948 668 2982 v.
684 2929 806 2984 calentes
824 2930 931 2983 habens
947 2932 974 2984 P
985 2932 995 3000 ΙΙ
1009 2935 1023 2982 7
1039 2947 1123 2984 nervo
1142 2946 1207 2984 cou-

192 3003 283 3055 tracto
298 3002 326 3055 A
342 3004 346 3071 Ι
363 2999 535 3055 contritioF
544 3001 554 3070 ΙΙ
569 3005 584 3053 9
598 3000 695 3070 tepido
706 3018 756 3056 om.
772 3003 817 3070 ΡΙ
834 3002 862 3054 at
875 3002 895 3054 t.
907 3001 970 3055 AF
981 3003 990 3070 ΙΙ
1005 3006 1108 3054 10-11
1119 3001 1174 3055 etl.
1185 3003 1204 3054 t.
1241 3038 1243 3042 -

192 3088 286 3157 ipsum
295 3104 398 3158 ponera
413 3090 441 3142 et
455 3105 611 3158 supponere
625 3089 759 3144 eimollia
768 3092 801 3142 ut
807 3089 920 3158 paleam
928 3091 957 3143 et
968 3077 1014 3144 bre
1024 3091 1072 3160 Pl
1086 3095 1118 3144 11
1132 3089 1205 3144 sicco

192 3161 242 3228 Fi
256 3166 289 3213 12
303 3179 331 3229 p.
346 3162 442 3214 autem
455 3179 482 3230 p.
495 3163 540 3229 ΡΙ
556 3160 628 3214 laxis
642 3161 682 3215 ed.
693 3177 737 3230 pr.
753 3161 818 3216 AF
829 3163 833 3230 Ι
850 3160 976 3229 contingi
989 3161 1029 3215 cd.
1040 3177 1084 3230 pr.
1101 3160 1206 3230 attingi

192 3231 306 3301 APFll
321 3237 354 3285 la
373 3234 539 3286 enerventur
555 3233 640 3301 FVll
659 3237 692 3284 14
711 3231 751 3302 et]
770 3231 824 3286 hac
842 3232 870 3286 A
888 3233 920 3285 ut
938 3233 984 3300 Fl
1002 3231 1058 3284 sint
1075 3231 1204 3286 humores

192 3301 220 3354 A
238 3302 296 3355 sint
312 3303 476 3357 humoribus
494 3305 542 3372 Fl
559 3302 730 3357 decoctionis
749 3304 777 3356 A
793 3305 797 3372 Ι
813 3319 834 3356 s.
853 3301 989 3356 auffertur
1006 3302 1071 3356 AF

264 3379 296 3427 16
316 3374 507 3445 aegritudines
527 3376 555 3429 P
583 3377 593 3444 ΙΙ
630 3379 663 3428 18
682 3375 739 3440 atq.
754 3390 804 3428 om.
820 3374 848 3428 A
866 3388 1001 3440 canaque
1019 3374 1050 3428 F
1077 3376 1081 3441 Ι
1110 3391 1204 3428 sumus

191 3459 242 3498 om.
258 3446 286 3499 P
305 3447 315 3514 ss
339 3450 372 3499 19
391 3445 459 3513 quia
476 3463 498 3500 r.
514 3464 534 3500 s.
549 3462 600 3501 om.
616 3447 644 3500 P
664 3446 674 3513 ΙΙ
696 3449 730 3497 20
748 3460 820 3498 max.
835 3444 866 3498 in
885 3444 911 3498 d.
926 3461 977 3499 om.
992 3445 1021 3499 P
1039 3446 1049 3512 ΙΙ
1072 3450 1105 3499 21
1125 3443 1205 3500 dolor

191 3515 266 3569 anim
284 3534 308 3570 v.
323 3517 404 3586 AF}
424 3516 454 3570 in
472 3517 538 3571 ium.
554 3533 604 3570 om.
620 3518 648 3571 P
670 3517 674 3582 Ι
698 3515 886 3570 veterinorum
904 3516 943 3569 ed.
954 3532 999 3584 pr.
1018 3515 1204 3571 sectariorum

191 3585 219 3638 A
237 3586 380 3656 imperitia
398 3590 477 3642 vetus
497 3587 633 3642 atriorum
652 3587 680 3640 P
