2668 3920
535 234 779 290 lle-morannum
1031 233 1161 289 XXXVII

143 423 217 480 quas
240 403 325 462 libris
348 404 538 479 praemittere
567 405 649 463 amat
670 405 720 462 hic
746 403 827 462 haud
857 403 987 480 quadam
1010 405 1160 482 elegantia

142 495 287 564 carentes,
310 491 361 550 ille
383 510 444 550 non
466 492 564 551 habet

209 581 251 640 At
277 580 419 640 habemus
450 581 531 657 apud
554 580 713 658 Vegetium
740 530 912 641 coniunctos
942 580 1100 641 Chironem
1131 583 1161 640 et

141 670 316 747 Apsyrtum.
367 669 495 729 Nomine
524 668 660 729 Chironis
690 669 824 729 centami
850 670 969 729 libellus
999 669 1036 729 de
1065 671 1160 729 mulo-

142 758 291 819 medicina
314 777 417 837 graece
440 760 568 834 scriptus
587 759 745 832 terebatur,
769 761 804 817 ut
825 760 911 818 testis
930 761 976 818 est
995 756 1162 818 Columella

141 848 269 925 Ipraei.
289 845 308 924 ξ
327 849 384 906 32:
407 849 440 906 in
457 850 573 922 pecoris
596 847 676 907 adin
698 848 861 907 domnam
883 847 1019 908 Chironis
1043 865 1079 906 ac
1096 849 1161 908 Me·

142 937 288 1011 loripedis
316 941 342 995 et
369 939 402 996 in
432 953 570 1011 oarornrn
596 937 706 1010 conone
734 937 881 996 molitione
913 937 1081 1010 Triptolemi
1109 941 1162 996 unt

141 1024 275 1085 Aristaei
287 1025 479 1100 braimbant
486 1017 511 1106 1)
531 1043 715 1098 enumerans,
739 1043 814 1101 quas
837 1028 887 1084 vix
905 1027 1001 1102 possit
1019 1025 1161 1100 consequi

143 1115 277 1192 agricola
289 1113 447 1191 perfectis,
466 1116 621 1174 contentus
640 1117 666 1172 si
684 1115 851 1174 latinos-
867 1115 1041 1174 Tremellios
1058 1112 1158 1173 Saser·
1219 1130 1227 1146 ·

142 1221 256 1280 nasque
271 1206 301 1263 et
313 1201 449 1262 Stolones
463 1235 501 1243 -
514 1221 570 1262 usu
585 1204 780 1278 aequavisset.
817 1203 896 1262 Huic
909 1205 1004 1281 igitur
1019 1203 1160 1279 anonymi

143 1294 227 1369 operi
236 1292 315 1367 quod
326 1290 463 1351 Chironis
477 1311 584 1351 nomen
598 1291 758 1350 mentitum
771 1283 859 1373 θεῖ’),
872 1309 941 1350 cum
951 1293 1078 1351 aliorum
1093 1295 1160 1350 tum

141 1381 270 1458 Apsyrti
282 1380 512 1440 mulomedicina
527 1383 593 1440 erat
607 1380 747 1440 adiuncta
765 1399 832 1440 cum
848 1382 880 1439 in
894 1382 1088 1440 vernaculam
1101 1381 1159 1439 lin-

141 1488 235 1548 guam
248 1471 421 1542 verteretm,
438 1469 487 1528 rel
500 1501 545 1510 —
559 1469 639 1545 quod
656 1470 754 1528 minus
773 1467 927 1546 probabile
941 1469 1061 1528 videtur
1074 1501 1119 1510 -
1133 1471 1159 1529 is

142 1559 198 1634 qui
207 1559 300 1617 vertit
313 1559 470 1633 utriusque
484 1575 591 1634 corpus
604 1559 637 1616 in
650 1577 744 1617 unum
752 1560 891 1618 volumen
905 1559 1061 1616 contraxit.
1085 1557 1158 1616 Ver·

141 1648 234 1708 sionis
251 1649 339 1706 istius
357 1646 622 1724 Hippiatrioorum,
646 1665 723 1722 quae
741 1643 913 1706 ferebantur
931 1665 953 1706 s.
972 1646 1025 1722 IV,
1048 1646 1160 1705 latinae

141 1755 236 1794 unum
245 1735 330 1796 nobis
340 1736 491 1812 exemplar
499 1753 562 1796 esse
573 1738 723 1795 servatum
732 1737 794 1794 iam
804 1754 894 1812 supra
903 1756 932 1812 p.
942 1733 1040 1794 XXXI
1048 1737 1165 1818 monui

141 1825 198 1885 Est
215 1825 278 1884 cod.
292 1825 477 1884 Monacensis
496 1827 574 1900 2433
593 1825 775 1900 chartaceus,
793 1841 815 1884 s.
832 1825 888 1882 XV
906 1825 1160 1902 negligentissime

142 1917 289 1973 exaratus
326 1913 444 1974 Titielus
462 1916 544 1973 varie
558 1913 711 1973 scribiturz
733 1913 784 1972 lib.
803 1913 862 1991 Ip.
878 1916 920 1974 20
934 1913 1003 1972 Od.:
1024 1913 1161 1974 Chironia

40 2012 42 2018 ’
143 2003 285 2063 Uattonri
297 2002 370 2062 liter
387 2003 412 2062 I
425 2005 515 2078 cnpl.,·
533 2003 583 2061 lib.
602 2002 634 2060 II
652 2023 680 2078 p.
696 2003 753 2062 36:
772 2001 894 2062 Ohironi
911 2005 1043 2062 centauri
1060 2005 1159 2062 ceteri-

139 2093 228 2151 niani
246 2091 294 2150 lib.
313 2091 368 2162 ΙΙ,·
385 2091 436 2150 lib.
455 2091 498 2150 ΙΧ
516 2112 544 2168 p.
561 2092 638 2150 287:
659 2091 768 2151 Uiben
786 2096 941 2151 centaurus
960 2096 986 2150 et
998 2089 1161 2165 Absyrtus,-

141 2180 193 2238 lih.
211 2180 239 2238 X
256 2200 285 2255 p.
301 2182 378 2239 291:
399 2178 542 2240 Clarenna
560 2181 718 2239 Hermeroa
740 2171 970 2260 veterinarins.³)
1006 2179 1160 2238 Habemus

140 2270 236 2346 igitur
248 2268 508 2328 mulomedioinam
521 2269 549 2326 X
562 2268 714 2344 librorum,
729 2287 747 2327 a
762 2266 887 2326 Claudio
897 2268 1071 2327 Hermerote
1086 2285 1159 2342 quo-

142 2357 212 2416 dam
225 2359 338 2417 incerto
352 2360 484 2434 tempore
499 2360 567 2435 post
577 2357 737 2435 Vegetium
754 2355 902 2434 digestam
916 2357 964 2416 rel
978 2357 1155 2434 suppletam.

209 2445 274 2504 Hoc
284 2463 357 2523 opus
367 2464 430 2506 esse
438 2446 478 2518 id,
490 2445 569 2522 quod
576 2445 718 2524 Vegetius
728 2445 859 2523 intelligi
865 2445 970 2520 voluit,
977 2445 1046 2504 inde
1053 2444 1158 2522 proba-

141 2537 193 2594 tur
202 2534 281 2611 quod
290 2553 409 2611 prorsus
423 2535 501 2594 inter
515 2553 545 2594 se
560 2535 749 2594 consentiunt
757 2533 899 2613 Vegetius
909 2537 940 2594 et
951 2533 1060 2594 onnon
1070 2525 1158 2615 illel)

220 2761 245 2828 1)
265 2757 305 2812 Cf
320 2754 640 2825 salernitanam
658 2757 719 2812 cod
734 2756 811 2812 Leid
827 2757 950 2826 quodam
965 2756 1161 2825 scriptumest

143 2829 251 2885 Medici
266 2829 423 2884 tabariam
435 2830 538 2898 Apula
556 2831 623 2884 Pici
611 2830 696 2884 tonici
715 2829 849 2884 tuditano
862 2846 881 2882 a
897 2829 1012 2884 aaron
1029 2835 1160 2883 nonturno

140 2901 400 2972 magistrerbillrh
413 2898 448 2954 cf.
464 2903 540 2955 Mna
556 2901 682 2956 Rbenun.
696 2905 733 2954 23
742 2917 772 2970 p.
784 2904 847 2966 189,
862 2901 933 2955 Reae
942 2899 1036 2954 anecd
1050 2899 1158 2953 [1122.

215 2974 241 3042 2)
260 2970 408 3025 Chironem
435 2970 522 3024 fnisse
547 2970 812 3025 mulomedicum
843 2970 984 3039 quendam
1014 2969 1160 3024 contendit

142 3041 1159 3184 Oder3)0ddh1lls{odexcfoldmcllddbfldd1LTelddcdryarquld-drlmhssdgsdnns

141 3183 230 3310 ίζίζ.Θ
242 3184 352 3310 tta
364 3183 401 3307 t
407 3185 580 3310 ζίσζσζζζ
582 3189 721 3310 attan
666 3184 736 3239 ‘'d‘'
717 3182 1161 3336 „titillantia

142 3328 176 3382 dc
193 3334 253 3382 arte
270 3327 436 3382 retninaria
451 3327 515 3381 libri
529 3325 567 3392 X,
588 3326 701 3382 Oliocrii
714 3327 896 3396 Neapolitani
913 3325 945 3380 ele
959 3325 1041 3394 egeria
1081 3324 1158 3394 Vege-

141 3399 200 3454 tins
218 3399 250 3452 de
268 3397 480 3454 nnrlornedicina
493 3413 554 3452 enne
586 3399 707 3452 becario
744 3396 781 3450 Et
794 3396 841 3450 hic
855 3395 970 3466 quidem
985 3393 1072 3448 codex
1085 3411 1160 3448 nunc

143 3471 187 3523 est
197 3467 343 3523 Gothanus
358 3468 393 3520 cf.
404 3483 489 3537 supra
502 3486 529 3537 p
540 3468 611 3523 X.
644 3467 686 3521 De
700 3468 796 3550 codice
811 3416 937 3521 Chironis
951 3465 1025 3520 nihil
1038 3467 1157 3519 constat.

216 3542 243 3609 4)
263 3539 361 3593 Obiter
374 3538 427 3592 hoc
440 3554 582 3592 moneam.
576 3539 628 3592 ·id
642 3538 717 3607 quod
731 3538 853 3606 primum
867 3537 1033 3606 sperabatur
1047 3536 1161 3603 (Arabio

143 3611 166 3676 f
182 3612 229 3664 lat.
245 3611 387 3680 Lexieogr.
402 3610 434 3663 X
442 3627 471 3679 p.
486 3613 594 3678 413oe)
613 3609 745 3664 hahuisse
763 3625 814 3663 nos
836 3607 1000 3676 scriptorem
1019 3605 1100 3674 quasi
1119 3620 1161 3657 se-
