2682 3920
182 237 227 304 56
375 224 377 230 ’
623 237 759 292 rusum

180 408 343 485 porrigit03
368 427 443 482 quse
466 409 492 466 si
510 407 647 482 defuerit,
669 407 812 468 hordeum
829 410 1012 467 meoemtum
1030 407 1197 483 ablatisque

182 497 245 556 suis
275 495 418 556 folliculis
448 499 551 556 tusum
579 497 612 554 in
640 497 762 556 modum
790 497 928 572 ptisense
956 497 1104 572 paulatim
1126 496 1196 555 olie-

182 587 268 644 rstur
290 587 321 644 et
343 586 514 661 frequenter
536 588 685 663 exiguum.

220 799 335 867 XXX.
359 797 409 868 De
431 801 615 868 lassitudine
638 823 717 886 quoe
738 803 857 868 ridete
877 799 1014 885 febribus
1035 799 1157 866 similis.
1327 765 1333 929 'l

33 945 58 984 u
71 945 85 984 s
98 944 168 986 eoin.
249 930 426 1007 Plerumque
449 935 550 990 sutem
580 933 649 1008 equi
675 933 758 990 ultra
787 933 865 992 vires
893 931 931 992 ed
960 949 1079 991 sursum
1101 931 1197 990 oouoti
1224 950 1238 990 s
1327 942 1330 985 ε

181 1023 234 1079 snt
269 1019 450 1096 ponderibus
486 1021 678 1100 praegravati
713 1024 767 1080 sut
802 1021 908 1082 sudore
944 1021 1053 1080 delesti
1086 1020 1197 1080 similis

181 1107 378 1168 febrientibus
401 1110 487 1188 signe
510 1109 722 1169 demonstrent.
764 1107 843 1178 Quos
868 1111 911 1170 sie
932 1109 1096 1187 intelliges:
1119 1109 1198 1168 oculi

182 1197 428 1258 subluerirnuntes
447 1201 534 1258 erunt
549 1201 579 1258 et
596 1202 741 1275 tunquam
755 1199 859 1258 suffirei
873 1200 1025 1277 sanguine,
1043 1201 1197 1274 praetereo

181 1289 322 1362 spiritum
346 1287 475 1347 erebrius
506 1289 604 1366 agitet
632 1289 811 1364 faenumque
840 1288 959 1348 fastidit
988 1290 1019 1346 et
1041 1287 1077 1346 de
1099 1287 1196 1363 poste·

181 1375 311 1436 rioribus
333 1374 459 1453 pedibus
481 1378 587 1436 melius
611 1393 642 1435 se
665 1377 858 1453 sustentabit,
881 1395 951 1437 nem
973 1377 1087 1454 priores
1111 1376 1197 1451 qnasi
1211 1395 1238 1434 ιο

181 1463 326 1524 subtritos
349 1465 464 1524 tardius
486 1468 581 1541 ponit.

1332 1309 1333 1352 l

1328 1495 1333 1642 t

425 1677 562 1744 xxm
584 1680 636 1745 ne
656 1681 793 1763 fumeus
814 1683 955 1747 eberis.

33 1826 60 1865 n
73 1827 87 1867 s
100 1824 168 1866 seen.
251 1810 377 1880 Quodsi
394 1809 484 1868 febris
498 1811 617 1868 interne
631 1811 731 1886 inerit,
748 1829 808 1872 non
827 1813 915 1870 fusile
934 1811 1046 1871 enimul
1062 1811 1197 1884 dormiet,

182 1902 213 1960 et
236 1899 345 1958 cotidie
371 1897 500 1958 deterior
521 1898 587 1974 fiet,
609 1900 761 1959 interdum
786 1901 958 1962 furunculos
981 1902 1013 1959 in
1039 1899 1126 1960 dorso
1149 1901 1197 1960 vel

180 1989 214 2048 in
237 1987 379 2047 lateribus
401 1987 535 2047 hebebit:
558 1990 634 2048 seius
658 2008 726 2048 eum
747 2007 765 2048 e
784 1989 897 2064 morbo,
920 1989 956 2050 de
981 2007 1038 2065 qno
1062 1990 1196 2065 superius
1211 2008 1237 2048 16
1333 2017 1334 2020 ¹

182 2078 368 2153 disputatum
391 2078 449 2151 eet,
475 2077 572 2137 meleo
595 2079 698 2137 teneri.
744 2076 801 2136 Oui
826 2079 933 2138 lotium
956 2079 1072 2154 sliquos
1094 2077 1196 2137 diebus

181 2169 246 2226 tem
267 2167 422 2225 hominum
446 2185 536 2242 quem
559 2168 686 2226 eristum
708 2186 763 2243 per
790 2185 877 2227 neres
899 2167 1046 2226 infundes.
1068 2211 1072 2218 -
1092 2167 1133 2225 Et
1155 2168 1197 2226 sio

182 2257 333 2332 potiones,
364 2271 439 2330 quse
462 2255 497 2314 de
521 2257 579 2315 isto
605 2256 708 2315 morbo
732 2273 823 2334 supro
845 2259 974 2332 seriptee
1001 2258 1078 2331 sunt,
1103 2255 1196 2316 debis.

254 2448 270 2496 b
291 2440 363 2496 Chir.
378 2457 401 2495 o.
419 2446 477 2496 121.
553 2447 586 2495 lt
605 2441 678 2496 Chir.
694 2458 716 2496 o.
733 2446 792 2496 125.

255 2625 269 2672 1
290 2635 362 2688 quse
376 2621 518 2688 onuPttt
534 2618 591 2672 suis
606 2635 655 2674 oen.
671 2619 750 2689 FP}
766 2621 917 2675 tunsumA
931 2623 1038 2687 onuPl
1054 2622 1095 2689 pt.
1110 2619 1198 2690 peuti-

182 2690 300 2746 euletim
318 2691 479 2760 frequenter
497 2688 612 2744 offertur
630 2689 763 2760 exiguum
781 2693 810 2746 P
1174 2691 1176 2702 '

254 2767 271 2814 4
294 2762 353 2816 lux-
370 2762 398 2817 A
417 2760 451 2814 de
475 2760 600 2816 febribus
623 2761 741 2815 internis
764 2762 890 2817 inscribit
907 2764 936 2817 P
952 2763 1000 2832 oui
1016 2779 1038 2816 e.
1059 2762 1152 2816 XXX
1173 2769 1199 2817 et

182 2831 296 2887 XXXI
306 2833 450 2902 contrusit
462 2831 497 2898 ef.
509 2850 538 2900 p.
554 2836 598 2899 54,
612 2835 671 2903 1711
685 2838 701 2885 b
716 2847 750 2886 ee
766 2850 787 2887 s.
805 2833 845 2888 ed.
856 2849 901 2902 pr.
916 2835 925 2902 ΙΙ
940 2837 955 2886 7
970 2833 1198 2888 febricitantibus

181 2903 255 2975 outo.
275 2920 296 2957 s.
311 2904 346 2958 de
364 2902 550 2957 febrientibus
573 2905 602 2958 P
623 2907 627 2972 Ι
653 2904 729 2971 quod
747 2906 775 2960 P
794 2906 804 2973 tl
828 2909 861 2958 10
879 2904 985 2975 priores
1008 2906 1079 2960 PM
1086 2906 1113 2960 V
1124 2904 1196 2960 Cius.

182 2976 289 3046 primos
307 2976 347 3028 ed.
358 2991 403 3043 pr.
419 2975 480 3029 ΑΡ

255 3049 288 3099 12
313 3046 348 3099 de
371 3044 390 3098 f.
411 3044 564 3099 interaneis
590 3045 648 3099 sive
670 3045 688 3099 i.
708 3047 739 3100 F
766 3048 776 3115 ΙΙ
811 3052 844 3100 tt
867 3045 959 3101 febres
982 3046 1000 3100 i.
1022 3045 1127 3101 fuerint
1145 3047 1173 3100 P
1189 3047 1198 3118 tt

186 3123 220 3171 14
240 3117 363 3171 deterius
381 3117 421 3171 ed.
432 3133 477 3186 pr.
495 3115 620 3185 tiernus.
637 3118 735 3186 Atllb
754 3119 784 3171 et
801 3119 869 3171 tuno
888 3135 924 3172 so.
940 3119 985 3188 ΡΙ
1002 3134 1066 3172 eum
1085 3135 1134 3172 om.
1150 3118 1195 3189 Pl

184 3185 767 3329 iusisurepererimus
779 3189 865 3329 rt·
876 3189 1198 3330 sineere

185 3325 327 3397 aliquibus
342 3329 440 3384 diebus
455 3332 483 3385 P
499 3327 601 3397 quibus
619 3327 760 3398 eliquibue
776 3331 802 3384 d.
822 3334 888 3386 unte
911 3333 961 3385 ent
977 3331 1078 3385 lotium
1096 3333 1155 3384 tem
1169 3331 1196 3384 h.

184 3397 240 3468 Fit
260 3401 291 3453 17
311 3417 396 3469 quem
416 3415 439 3454 e.
455 3417 505 3456 om.
520 3402 548 3455 A
562 3403 571 3470 {t
586 3405 619 3454 18
638 3401 743 3468 scripte
761 3399 792 3454 F
