2684 3926
191 230 256 294 184
628 229 762 285 VEGETI

191 398 289 456 cibum
307 399 431 458 daturus
450 400 565 458 radices
584 419 651 458 cum
669 400 750 458 foliis
765 398 835 471 suis,
854 400 925 474 quia
944 401 973 457 et
991 399 1200 476 purgationem

190 489 305 546 faciunt
337 491 367 547 et
398 490 473 549 vitio
504 489 671 563 medentur,
694 490 871 562 faenumque
904 504 1093 562 conspersum
1122 505 1201 562 aqua

190 578 327 651 nitroque
346 577 510 652 praebebis,
529 579 577 637 die
596 597 630 636 ac
648 581 734 636 nocte
748 578 913 636 maceratos
934 577 1052 652 lupinos
1071 578 1103 633 in
1122 595 1201 650 aqua

191 683 368 740 rursumque
387 667 511 725 siccatos
530 667 683 742 praebebis
702 668 734 724 in
753 665 825 724 cibo.
867 664 992 724 Radices
1013 683 1130 740 quoquc
1152 664 1201 722 vel

191 753 264 812 lolia
288 755 450 813 cucumeris
474 756 611 830 silvatici,
635 774 712 830 quae
730 757 865 815 ventrem
888 757 1082 829 commovent,
1105 753 1201 812 eidem
1231 773 1245 812 s

156 841 289 918 ddabis,
318 847 353 901 ut
375 863 491 921 purges.
533 843 614 912 Quae
645 845 759 902 curatio
790 845 816 900 si
845 843 1009 901 morabitur
1032 843 1200 915 sanitatem,

192 931 357 990 evocandus
380 936 426 991 cst
443 933 556 991 humor.
599 932 732 1000 Quatuor
750 935 851 1007 itaque
875 931 977 1008 digitis
1001 931 1037 990 ab
1061 931 1200 989 umbilico

191 1020 229 1080 ad
252 1025 402 1079 veretrum
420 1039 522 1080 versus
541 1023 653 1099 sagitta
674 1039 796 1098 pungas,
819 1022 853 1078 ut
876 1022 1081 1095 peritonaeum
1103 1022 1202 1095 ipsum

190 1127 325 1184 rumpas,
348 1110 398 1168 ssd
422 1128 493 1169 cave
516 1130 552 1169 ne
571 1113 746 1169 intestinum
763 1114 871 1187 tangas
892 1112 923 1168 et
941 1110 1052 1167 animal
1074 1109 1201 1183 perima-

191 1201 247 1256 tur.
299 1198 430 1258 Subicics
462 1199 593 1258 fistilam
625 1200 801 1259 centetalem
830 1201 861 1256 et
892 1200 1016 1272 patieris
1047 1199 1201 1255 humorem
1217 1217 1246 1255 ro

192 1305 311 1346 currere
335 1290 480 1362 quantum
498 1289 715 1348 existimaveris
736 1287 947 1361 necessarium3
971 1306 1059 1362 quem
1076 1288 1109 1344 in
1132 1304 1202 1344 vase

193 1375 327 1450 excipies.
382 1374 456 1435 (lum
487 1376 623 1436 fistulam·
651 1378 821 1449 abstuleriS,
852 1375 909 1434 duo
942 1376 990 1434 vel
1019 1377 1079 1433 tria
1109 1393 1203 1452 grana

192 1465 262 1524 salis
293 1465 326 1523 in
357 1466 478 1543 plegem
506 1469 630 1539 inseres,
662 1486 698 1522 ne
729 1463 884 1524 claudatur
916 1468 946 1522 et
974 1483 1062 1540 super
1091 1464 1202 1539 empla-

159 1553 313 1612 5stellum
336 1555 476 1629 impones.
518 1555 589 1613 Alia
612 1554 660 1613 vel
687 1557 777 1612 tertia
805 1553 851 1611 dic
880 1555 968 1629 quasi
991 1553 1203 1629 epaphaeresin

194 1644 327 1700 facturus
351 1642 446 1700 denno
473 1643 604 1702 fistulam
633 1663 775 1718 appones,
804 1643 958 1700 humorem
981 1644 1080 1716 eicies,
1111 1641 1202 1699 donec
1217 1661 1248 1700 15

192 1751 246 1805 per
268 1733 368 1805 partes
398 1734 495 1789 totum
525 1732 659 1790 exsicces.
705 1732 788 1789 Tunc
815 1731 922 1788 vulnus
953 1730 1069 1788 curabis
1098 1731 1203 1788 solem-

193 1819 271 1876 niter
299 1820 493 1894 potionesque
526 1821 703 1879 catharticas
736 1839 789 1895 per
819 1837 850 1877 os
879 1821 1048 1894 frequenter
1080 1818 1203 1896 digeres.

193 1907 276 1966 Inter
305 1908 367 1966 dies
395 1927 487 1984 usque
518 1910 555 1966 ad
583 1909 719 1968 sudorem
747 1907 901 1967 exercebis.
950 1907 1067 1976 Quanto
1097 1909 1205 1966 fortior

266 2172 280 2218 v
301 2167 335 2220 of.
352 2165 424 2220 onir.
440 2184 462 2220 0.
479 2171 539 2234 cve,
555 2172 613 2220 vos.
647 2165 715 2236 Veg.
731 2167 800 2234 143,
816 2171 840 2219 3.
915 2171 947 2219 10
967 2164 1039 2218 can.
1055 2170 1153 2218 0.-400.

266 2405 281 2451 2
300 2399 400 2452 vitium
413 2400 441 2452 A
455 2399 464 2467 tl
479 2403 494 2450 3
513 2399 645 2466 nitrnmq.
660 2399 687 2451 A
701 2399 740 2466 lid
760 2397 878 2450 siccatos
893 2414 989 2452 rwsus
1007 2397 1106 2465 incipit
1119 2397 1153 2462 L,
1168 2396 1204 2462 cf.

191 2488 219 2539 p.
236 2475 328 2536 182,1
345 2471 449 2523 siccato
468 2469 495 2522 A
520 2471 523 2536 Ι
548 2487 589 2537 pr.
610 2468 686 2522 cibos
705 2470 732 2522 L
750 2468 779 2520 in
799 2485 821 2521 c.
836 2485 885 2521 om.
902 2468 929 2521 A
959 2471 962 2536 l
994 2467 1117 2520 radicem
1136 2468 1204 2536 (ces

194 2543 232 2610 A)
247 2557 329 2609 quoq.
345 2557 367 2592 c.
383 2558 403 2593 0.
414 2539 459 2592 vel
472 2539 492 2592 f.
507 2541 546 2594 ed.
553 2558 597 2608 pr.
611 2542 639 2594 A
652 2543 661 2609 [Ι
676 2545 691 2592 5
706 2541 836 2592 moveant
850 2539 888 2592 ed.
896 2557 940 2608 pr.
956 2541 1182 2594 commoveantA
1195 2539 1204 2610 ll

195 2618 210 2665 6
221 2611 375 2664 tardaverit
385 2629 405 2664 0.
416 2612 455 2664 cd.
460 2628 504 2679 pr.
516 2613 543 2664 A
557 2614 566 2680 11
581 2611 730 2680 vigilare
744 2613 753 2680 ll
767 2615 783 2662 8
796 2609 926 2664 adversus
936 2628 960 2663 v.
972 2612 999 2664 A
1016 2613 1019 2678 l
1040 2626 1147 2680 pungas
1157 2615 1202 2664 cte.

195 2684 221 2737 L
239 2682 341 2751 pungis
360 2684 431 2752 culp.
467 2685 470 2750 Ι
505 2682 675 2751 peritonium
694 2682 720 2735 L
738 2681 911 2751 periconium
929 2683 968 2734 cd.
981 2698 1023 2749 pr.
1039 2683 1067 2735 A
1097 2683 1100 2751 Ι
1131 2682 1159 2734 et
1176 2698 1203 2749 p.

194 2755 287 2822 ipsum
305 2755 408 2823 pungis
427 2753 466 2806 cd.
478 2770 522 2820 pv.
541 2755 574 2806 ut
588 2771 614 2821 p.
630 2753 722 2821 ipsum
736 2769 771 2806 ne
785 2755 880 2822 posset
894 2767 960 2805 cave
975 2753 1002 2805 A
1016 2754 1024 2820 ll
1039 2757 1054 2805 9
1069 2751 1205 2806 intestina

195 2827 234 2880 ed.
245 2843 290 2893 pr.
305 2826 333 2878 A
349 2827 352 2893 Ι
370 2823 504 2877 animalia
522 2823 573 2892 (·al
588 2826 625 2892 A)
644 2824 765 2892 perimas
780 2824 818 2877 ed.
829 2841 874 2892 pr.
889 2825 917 2877 A
930 2826 940 2892 ll
955 2827 987 2875 10
1007 2822 1159 2877 centralem
1178 2823 1205 2876 L

196 2895 369 2950 centenalem
388 2897 415 2949 P
433 2894 610 2948 centimalem
628 2896 667 2949 ed.
678 2912 723 2963 pr.
739 2898 766 2948 A
793 2898 802 2964 ll
828 2900 859 2947 11
880 2910 945 2948 cure
964 2897 1116 2962 sequantur
1134 2896 1162 2948 ct
1181 2893 1205 2946 si

196 2967 388 3021 aestimaveris
407 2966 560 3019 necessitas
584 2981 639 3033 que
657 2968 684 3019 A
719 2971 722 3034 Ι
758 2966 864 3020 aestim.
885 2964 971 3020 etiam
990 2967 1029 3019 ed.
1041 2983 1085 3034 pr.
1104 2983 1131 3018 n.
1151 2965 1205 3018 tibi

195 3038 336 3094 videbitur
349 3040 377 3091 P
391 3040 394 3107 l
411 3038 440 3091 in
454 3053 502 3090 vas
516 3037 633 3105 recipies
649 3039 676 3091 P
688 3042 696 3100 l
712 3043 743 3090 12
761 3037 780 3090 f.
796 3035 936 3090 abstulam
951 3035 1021 3090 abst.
1038 3039 1065 3090 A
1078 3040 1087 3106 ll
1102 3041 1135 3090 13
1153 3036 1205 3088 im-

194 3109 304 3164 miseris
322 3111 350 3162 A
368 3109 464 3162 mittes
484 3109 512 3161 P
535 3111 538 3177 l
563 3107 764 3176 implastellum
783 3109 810 3161 L
835 3111 838 3176 Ι
865 3110 893 3161 01
912 3125 932 3160 0.
953 3108 1136 3177 emplastrum
1153 3107 1203 3160 im-

196 3181 277 3250 ponis
297 3181 324 3232 P
340 3180 454 3248 insuper
473 3181 501 3232 et
524 3179 652 3249 pastillos
678 3179 798 3247 imponis
821 3179 860 3232 ed.
873 3196 917 3247 pc.
933 3181 960 3233 A
991 3180 1000 3246 ΙΙ
1034 3185 1066 3231 14
1085 3178 1143 3232 alia
1161 3177 1205 3232 vel

196 3269 246 3305 om.
262 3253 308 3320 Pl
325 3251 371 3304 die
389 3269 439 3305 om.
455 3252 483 3304 A
507 3251 511 3317 l
536 3249 618 3317 quasi
641 3249 808 3318 apoferesim
826 3249 845 3302 f.
861 3250 920 3303 LP
938 3249 1105 3318 apoforesim
1124 3249 1205 3317 quasi

197 3321 215 3374 f.
227 3323 266 3375 ed.
274 3338 319 3388 pr.
334 3323 415 3390 quasi
431 3321 569 3389 apoforesi
583 3320 701 3374 facturis
712 3323 740 3374 A
754 3323 762 3389 tl
778 3325 810 3373 15
825 3320 913 3373 donec
924 3352 957 3359 —
968 3321 1089 3374 exsicces
1099 3323 1184 3375 00οΑ
1196 3319 1206 3391 ll

198 3398 231 3446 16
247 3391 335 3445 donec
349 3396 443 3460 partes
455 3394 530 3446 totas
545 3391 652 3446 exiccet
664 3392 703 3446 ed.
710 3409 755 3460 pr.
772 3391 859 3444 donec
872 3409 898 3459 p.
910 3409 936 3460 p.
946 3393 1038 3445 totum
1052 3393 1207 3446 exsiccetur

197 3462 297 3516 vulnus
317 3463 345 3514 et
367 3463 460 3530 ipsum
480 3465 576 3515 curato
595 3480 615 3515 s.
631 3465 676 3531 Pl
693 3462 847 3514 curandum
869 3463 909 3515 ed.
920 3479 964 3530 pr.
981 3465 1008 3517 A
1035 3465 1044 3530 ll
1072 3468 1104 3516 17
1125 3462 1205 3516 dabis

197 3533 230 3586 fr.
246 3534 286 3586 ed.
297 3551 340 3600 pr.
357 3535 384 3588 A
402 3533 435 3586 fr.
451 3533 531 3585 dabis
551 3533 578 3585 P
589 3536 598 3602 ΙΙ
614 3539 645 3585 18
664 3532 788 3586 interdiu
806 3533 845 3587 ed.
857 3549 900 3599 pr.
923 3533 1036 3586 interim
1054 3535 1081 3587 A
1098 3536 1101 3602 Ι
1117 3549 1206 3602 usquc

200 3603 267 3657 dum
286 3602 368 3656 sudet
387 3605 425 3656 ed.
437 3621 482 3671 pr.
496 3605 524 3656 A
539 3605 601 3671 (at)
618 3605 622 3670 l
638 3602 747 3670 fortius,
767 3603 921 3656 curandum
938 3610 983 3658 etc.
998 3605 1038 3658 cd.
1049 3622 1094 3673 pr.
1109 3607 1138 3658 A
