2668 3920
516 201 558 258 De
577 202 746 258 auctoribus.
1050 203 1141 258 XXXI

126 394 155 450 p.
177 365 327 450 1232sq]
351 371 403 448 qui
426 371 577 431 commode
599 370 759 450 Vegetium
786 376 816 431 et
840 372 1034 432 Columellam
1056 374 1142 432 iuxta

126 463 228 538 posuit
258 461 532 536 demonstravitque
565 461 711 536 quomodo
744 461 888 532 alteror
920 461 1013 521 altero
1045 463 1142 538 possit

127 552 248 628 corrigi:
282 569 407 626 quarum
430 552 666 608 coniecturarum
693 551 775 609 haud
803 569 916 628 paucae
945 570 998 628 per
1027 550 1140 610 codices

126 639 347 713 confirmantur,
369 641 404 697 ut
427 640 456 712 4,
476 640 505 713 4,
525 640 553 698 5.
579 641 607 715 9,
627 641 655 697 2.
681 641 780 714 10,1.
806 641 857 713 10,
877 641 905 699 3.

192 727 235 787 Ut
262 731 375 787 certum
405 731 450 787 est
474 725 668 787 Columellam
697 729 759 786 fere
789 729 885 788 solum
914 729 1006 787 fuisse
1034 728 1141 786 funda-

125 819 258 877 mentum
281 817 353 876 libri
374 815 427 891 IV,
449 818 494 876 ita
515 835 576 876 non
598 819 696 876 minus
718 817 837 876 videtur
860 819 986 891 certum,
1017 817 1141 876 eundem

126 906 252 984 Vegetio
267 909 405 966 ceteros
418 905 510 964 libros
525 908 713 983 componenti
726 906 803 965 nihil
816 905 1029 983 suppeditasse.
1066 905 1142 965 Sunt

73 989 75 993 ’
127 997 207 1054 enirn
230 1015 265 1054 ex
286 995 449 1073 Pelagonio
473 1013 549 1070 quae
573 1014 640 1054 cum
664 992 829 1054 Columella
858 997 1059 1056 consentiunt:
1086 1013 1141 1054 neo

125 1087 245 1158 mirum,
268 1085 409 1160 quoniam
429 1081 593 1143 Columella
615 1091 675 1144 non
698 1086 796 1144 minus
818 1102 838 1143 a
855 1084 1028 1162 Pelagonia
1050 1102 1141 1160 quam

126 1175 175 1234 hic
193 1193 212 1232 a
229 1172 355 1251 Vegetio
375 1174 553 1249 compilatus
572 1165 662 1255 est1):
685 1175 780 1250 igitur
793 1172 865 1252 Veg.
883 1176 912 1247 2,
927 1175 979 1248 45,
995 1176 1080 1233 1-3
1096 1198 1139 1220 ---

125 1262 227 1340 Pelag.
247 1263 289 1320 43
309 1255 386 1343 (Col.
408 1263 436 1336 6,
452 1263 502 1336 30,
519 1253 567 1343 6);
589 1261 625 1318 V.
642 1264 671 1336 2,
687 1264 738 1330 79,
759 1263 858 1320 23=
875 1260 936 1322 Col.
952 1263 981 1337 6,
997 1263 1140 1335 30,42

126 1350 228 1428 Pelag.
239 1351 316 1424 1623
335 1349 371 1410 V.
383 1353 412 1426 2,
424 1351 526 1426 122,8
542 1375 584 1398 =
600 1349 662 1410 Col.
674 1351 703 1424 6,
714 1353 793 1425 31,1
811 1375 854 1398 =
864 1350 965 1428 Pelag.
982 1352 1140 1411 108.109.

194 1529 240 1588 De
253 1528 340 1588 Pela
345 1531 451 1606 gonio
465 1527 559 1606 igitur
573 1528 773 1604 quaerendum
788 1529 854 1603 erit,
868 1529 893 1588 si
908 1529 1042 1588 volemus
1056 1527 1140 1586 inda-

127 1638 197 1697 gare
218 1617 365 1694 quomodo
385 1616 527 1694 Vegetius
548 1616 641 1678 libros
656 1616 764 1676 I—-III
782 1621 989 1695 composuerit.
1026 1617 1067 1677 nt
1084 1617 1140 1675 hoc

128 1707 247 1784 quidem
269 1708 302 1766 in
319 1705 482 1783 Pelagonic
501 1707 703 1784 gratissimum
722 1707 831 1766 accidit
849 1706 929 1783 quod
947 1707 1090 1767 habemus
1110 1709 1141 1765 et

127 1797 287 1856 editionem
310 1797 564 1855 accuratissimam
587 1799 618 1854 et
639 1797 885 1856 commentarium
903 1795 1140 1869 subtilissimum,

126 1889 161 1944 ut
178 1885 255 1944 nihil
277 1885 337 1943 fere
356 1885 451 1961 possit
469 1883 551 1944 addi:
576 1884 775 1944 erubescerem
794 1903 864 1944 sane
886 1905 950 1944 rem
973 1884 1141 1944 absolutam

125 1977 297 2048 retractare,
319 1974 378 2033 nisi
400 1992 510 2032 novum
533 1974 683 2049 quoddam
707 1974 797 2049 idque
818 1975 1026 2052 gravissimum
1051 1973 1141 2033 etad

126 2062 321 2142 Pelagonium
336 2065 366 2122 et
379 2063 418 2120 ad
431 2061 590 2138 Vegetium
603 2063 714 2122 rectius
733 2062 951 2122 aestimandum
965 2063 1012 2122 his
1025 2065 1140 2138 tempo·

124 2152 208 2212 ribus
231 2153 414 2212 accessisset:
439 2149 575 2210 Chironis
600 2151 666 2210 dico
688 2150 956 2226 mulomedicinam,
982 2169 1057 2226 quae
1079 2153 1141 2208 iam

128 2244 197 2301 ante
215 2241 269 2300 hos
283 2241 410 2300 sedecim
428 2240 489 2298 fere
503 2257 596 2299 annos
610 2240 726 2299 detecta
732 2232 757 2320 2)
775 2257 854 2298 nunc
868 2241 986 2299 demum
999 2243 1031 2299 in
1045 2241 1141 2298 lucem

126 2329 240 2407 prodiit
261 2349 315 2406 per
338 2326 428 2388 Oderi
450 2327 636 2407 diligentiam
660 2331 750 2404 atque
777 2321 1008 2410 eruditionem)
1050 2327 1141 2387 Haud

126 2420 221 2498 igitur
244 2418 374 2477 alienum
397 2421 470 2494 puto
494 2417 530 2475 de
552 2415 715 2494 Pelagonio
737 2417 847 2476 iterum
869 2417 1029 2494 disputare.

133 2537 135 2542 v
194 2506 357 2583 Pelagonio
388 2507 508 2582 quidem
536 2506 642 2566 laudat
671 2505 813 2584 Vegetius
844 2506 994 2566 abundare
1024 2506 1141 2566 dicendi

127 2597 317 2672 facultatem3
343 2595 394 2655 sed
418 2587 523 2676 (praef.
545 2593 562 2670 ᾗ
583 2588 617 2676 3)
640 2598 755 2656 anissis
776 2598 869 2671 amuis
892 2599 1044 2670 causisque
1065 2613 1142 2654 mor-

128 2687 230 2745 borum
252 2690 313 2744 tum
335 2703 459 2759 mupuuc
481 2687 525 2744 rei
546 2685 740 2758 smedumcatc
761 2686 899 2760 neglexit:
921 2685 952 2744 id
975 2684 1055 2760 quod
1076 2686 1141 2743 inre

128 2774 289 2834 offenditur
316 2766 396 2855 (ihm
419 2793 446 2850 p.
468 2766 534 2854 19).
581 2771 698 2832 Citatur
720 2774 752 2832 P.
772 2792 790 2833 a
812 2774 952 2852 Vegetio:
980 2776 1079 2848 1‚17,
1100 2775 1139 2832 15

129 2889 171 2912 =
196 2862 299 2940 Pelag.
321 2882 344 2922 c.
371 2863 425 2938 183
453 2863 481 2938 3,
508 2863 558 2936 13,
580 2863 598 2921 3
621 2887 663 2910 a
691 2862 791 2940 Pelag.
818 2864 895 2939 39ος
928 2865 956 2937 3,
982 2865 1032 2936 14,
1057 2865 1075 2920 2
1098 2887 1140 2909 =

128 2951 230 3030 Pelag.
251 2953 330 3026 4913
354 2953 384 3024 3,
400 2953 450 3026 27,
465 2952 484 3009 3
500 2976 542 2998 =
557 2951 657 3030 Pelag.
678 2953 755 3010 423:
779 2953 849 3010 sunt
875 2953 976 3010 omnia
1002 2950 1141 3025 remedia,

128 3041 213 3099 nulla
236 3042 322 3118 signa
340 3057 491 3100 causaeve.
527 3040 570 3098 At
588 3040 784 3117 Pelagoniam
807 3041 963 3117 permultis
982 3040 1050 3098 aliis
1068 3039 1141 3098 locis

130 3149 148 3188 a
167 3129 293 3208 Vegetio
312 3147 375 3188 esse
393 3130 596 3204 compilatum,
615 3148 668 3188 nec
685 3129 815 3188 lhmium
829 3131 916 3207 fugit.
958 3127 1041 3198 Quod
1056 3128 1141 3187 Pela-

201 3301 227 3370 1)
247 3298 287 3354 Cf.
301 3297 371 3364 Ihm,
390 3297 521 3368 Pelagon.
536 3316 563 3367 p.
581 3303 621 3352 19.
635 3303 684 3352 241
694 3313 733 3367 sq.

201 3373 227 3438 2)
245 3369 291 3426 W.
312 3369 421 3438 Meyer,
447 3372 511 3424 acta
536 3385 577 3423 ac.
604 3368 711 3424 Monac.
735 3374 803 3424 1885
828 3387 854 3438 p.
878 3375 937 3423 395.
980 3369 1049 3436 ihm,
1070 3368 1140 3422 Mus.

128 3441 255 3496 Rhenan.
270 3447 305 3496 lc
318 3459 346 3510 p.
362 3445 422 3494 376.
457 3439 553 3510 Pelag.
568 3459 594 3510 p.
611 3447 652 3494 14.

201 3514 228 3582 3)
248 3510 358 3566 Claudii
378 3511 505 3566 Hermeri
527 3510 745 3566 mulomedicina
764 3509 891 3565 Chironis
910 3511 952 3566 ed.
973 3509 1042 3578 Eug.
1059 3507 1140 3572 Oder‚

128 3582 204 3654 Lips.
222 3587 298 3638 1901.
