2682 3920
477 208 618 271 MVLOM.
637 209 662 269 Π
680 215 785 266 ‹lo-47
1072 210 1135 276 139

117 378 250 454 coeperit
269 395 372 449 ocuse3
396 379 426 444 et
449 378 475 436 si
498 395 533 436 ex
551 396 729 453 percussure
746 379 847 452 fucrit,
869 379 957 453 prius
976 377 1049 438 loeis
1073 381 1134 440 suis

7 467 8 474 ’
116 465 287 542 reponendo
315 467 384 527 sunt
411 465 543 526 membre
571 469 601 525 et
628 468 671 524 sic
697 466 814 542 relique
836 467 981 526 faciende.
1023 466 1135 537 Quodsi

116 575 154 614 ex
184 555 311 616 humore
341 555 390 612 vel
421 555 566 632 sunguine
597 556 675 614 ermi
706 555 925 633 gravabuntur,
958 557 1135 633 sanguinem

115 645 230 704 emittis
254 663 272 702 e
294 646 413 718 pectore
435 643 483 704 rel
506 643 696 708 unctionibus
719 644 820 704 uteris
889 669 891 672 ·

89 875 103 915 ⁶
334 850 460 915 mer.
482 849 533 914 ne
553 831 634 932 qm
656 855 751 915 emec
774 851 820 914 eo
843 851 919 916 east.

185 978 270 1040 Genu
283 981 331 1040 vel
344 980 441 1039 basim
459 981 486 1040 si
500 981 652 1053 emoverit,
666 979 707 1038 ed
718 967 903 1038 tormentum
916 983 1000 1040 rotee
1015 981 1062 1040 vel
1093 993 1240 1034 11146801111.

117 1069 272 1132 machinae
299 1070 373 1130 locis
403 1071 465 1132 suis
496 1071 591 1130 eiecta
619 1070 773 1143 restitues,
801 1069 905 1128 lenem
936 1069 1069 1128 sucidam
1099 1089 1134 1128 ex

118 1159 182 1217 oleo
206 1161 235 1216 et
258 1162 342 1226 aceto
360 1159 491 1227 infusam
508 1158 637 1241 imponis
661 1160 692 1216 et
714 1157 853 1236 alligabis
872 1177 907 1216 ex
925 1177 1022 1234 more;
1043 1161 1133 1218 tertio

117 1246 164 1306 die
183 1246 278 1306 solves
301 1247 547 1323 fomentumque,
567 1248 635 1325 post
653 1247 783 1306 resinam
805 1245 926 1307 induces
945 1249 977 1305 et
993 1247 1133 1323 piculam,

75 1335 156 1395 rond
178 1336 319 1393 ultimum
341 1335 492 1414 melegme
514 1336 608 1394 uteris
632 1337 685 1394 eut
707 1335 848 1396 caustico.

202 1541 348 1612 XLVII.
369 1541 421 1607 De
441 1543 584 1622 fructura
606 1541 733 1607 articuli
754 1542 856 1607 omis
877 1542 924 1606 oet
946 1561 1047 1606 cocae.

182 1671 317 1751 Impulsu
331 1671 496 1754 exiumvvel
509 1673 643 1732 rotarum
660 1674 693 1732 in
706 1673 785 1732 circo
800 1671 848 1730 uel
861 1673 894 1730 in
908 1671 977 1732 eliis
992 1671 1065 1731 locis
1091 1683 1161 1723 11147
1171 1681 1239 1722 Schn·

116 1761 261 1822 verietate
289 1778 411 1820 ossuum
434 1760 613 1821 animalibus
642 1779 728 1819 crure
758 1759 939 1838 frengrmtur
967 1763 1020 1818 eut
1042 1779 1131 1820 come

116 1849 164 1908 vel
187 1849 315 1910 anticuli.
359 1848 395 1910 In
422 1867 482 1926 qne
509 1850 685 1910 necessitate
708 1851 735 1908 si
758 1851 842 1914 extre
871 1852 970 1908 eutem
999 1849 1132 1908 fracture

75 1959 101 1998 rs
116 1939 190 2000 ossis
205 1940 344 2016 eruperit,
362 1938 418 1998 hoc
432 1927 478 1996 est
491 1939 518 1998 si
531 1932 553 2014 †
568 1937 707 1998 erbersen
720 1937 832 2012 fecerit,
847 1937 1000 2000 difficilem
1013 1940 1131 2000 noveris

115 2031 146 2086 et
174 2019 271 2110 prope
296 2025 495 2086 insanabilem
523 2045 633 2086 curem
680 2025 794 2086 Similis
821 2026 993 2101 desperatio
1017 2028 1075 2100 est,
1105 2029 1132 2089 si

115 2133 219 2174 eonem
250 2115 375 2192 fregerit
403 2117 457 2173 aut
486 2113 621 2174 eeroeole
651 2116 705 2172 eut
734 2114 977 2192 suprsgsmbem3
1011 2115 1131 2175 insene-

114 2203 185 2262 bilis
208 2206 253 2262 est
270 2221 367 2277 cesus,
389 2203 464 2278 quie
484 2221 545 2262 non
562 2203 671 2278 recipit
692 2202 863 2282 ligaturam.
910 2201 944 2259 Si
965 2219 1036 2262 vero
1054 2203 1165 2262 free-2

114 2295 184 2350 tura
207 2293 248 2350 sit
266 2293 329 2356 sine
347 2291 469 2353 vulnere
492 2291 525 2349 in
547 2290 594 2352 his
612 2291 695 2365 locis,
718 2310 794 2367 quae
814 2291 979 2368 constringi
997 2293 1130 2366 possunt,

71 2405 101 2443 eo
115 2381 172 2446 hec
208 2381 325 2440 ratione
363 2379 488 2442 curabis.
542 2377 643 2440 Primo
675 2381 839 2440 fracturum
874 2397 1065 2456 recomponss
1102 2382 1132 2439 et

114 2469 215 2544 lesciis
233 2467 351 2527 mundis
371 2468 533 2527 scissilibus
550 2469 657 2528 infusis
676 2488 711 2527 ex
729 2469 799 2529 vino
819 2472 849 2527 et
867 2468 932 2526 oleo
952 2468 1130 2546 conligebis:

114 2558 235 2634 insuper
257 2557 395 2618 lenerum
417 2557 602 2617 munimenta
625 2558 786 2635 coniunges
812 2560 843 2616 et
864 2557 984 2636 regulas
1006 2559 1130 2617 circum·

187 2733 202 2781 6
222 2726 295 2784 chir.
311 2748 334 2780 c,
349 2731 409 2780 583.
484 2731 518 2781 16
536 2723 610 2780 Chir.
625 2742 648 2780 c.
664 2731 716 2780 588
735 2726 770 2781 cf.
785 2725 854 2796 Veg.
869 2725 951 2781 1184.

187 2869 346 2939 inceperit
360 2885 423 2926 eem
436 2869 476 2925 cd„
488 2869 571 2936 pr.A
586 2873 590 2934 Ι
607 2884 680 2936 quos
694 2868 719 2924 si
732 2871 778 2937 ΡΙ
795 2884 829 2922 ex
842 2867 951 2922 iectura
964 2869 1006 2922 ed.
1018 2885 1062 2936 pr.
1079 2868 1127 2938 Al

114 2941 193 3011 prius
211 2957 261 2996 om.
277 2942 305 2995 A
320 2943 325 3009 Ι
341 2939 372 2994 in
388 2939 407 2998 L
423 2941 502 3009 Pur
521 2938 565 2993 vel
583 2957 633 2996 erre·n
649 2941 710 2996 AP

4 3017 10 3036 '
186 3017 202 3065 5
222 3012 257 3066 de
275 3013 356 3070 mutu
374 3027 449 3081 genu
467 3010 511 3065 vel
529 3010 605 3072 beeis
620 3012 648 3065 P
666 3013 676 3080 ΙΙ
696 3016 712 3063 6
731 3010 881 3073 semovenit
898 3011 939 3065 ed.
950 3027 995 3078 pr.
1010 3009 1038 3062 A
1056 3023 1131 3078 genu

112 3083 140 3136 si
157 3082 249 3143 besim
267 3081 367 3136 exierit
391 3082 429 3136 ed
447 3082 571 3138 torculur
591 3081 675 3136 mitte
700 3085 729 3137 et
747 3082 788 3136 sic
812 3081 879 3136 loco·
898 3097 948 3139 suo
966 3079 1086 3136 restitue
1102 3081 1131 3133 et

98 3153 131 3208 l.
149 3196 154 3207 .
171 3197 176 3208 .
192 3153 305 3223 impone
324 3155 354 3210 st
370 3153 542 3224 ligetertio
562 3153 609 3212 die
627 3151 762 3212 dissolves
781 3154 810 3206 et
827 3152 847 3207 f,
863 3154 891 3208 P
906 3155 916 3220 ΙΙ
937 3156 952 3204 9
972 3151 1018 3206 die
1037 3167 1087 3205 orn.
1102 3152 1130 3205 A

187 3230 226 3285 12,
240 3223 357 3281 exilium
375 3223 419 3278 vel
437 3241 458 3277 r.
478 3223 522 3279 vel
539 3223 609 3278 meli
625 3222 682 3279 loci
701 3242 725 3278 v.
740 3225 770 3280 A
795 3226 805 3293 ΙΙ
837 3227 941 3278 14-18
959 3222 1081 3276 fractum
1099 3239 1130 3276 os

112 3296 247 3366 eruperit,
266 3295 430 3350 incurabilis
450 3296 501 3361 est,
520 3294 650 3350 similiter
668 3294 692 3348 ei
711 3312 733 3348 e.
748 3294 877 3364 fregerit,
895 3291 1060 3350 incurabilis
1079 3295 1130 3360 est,

111 3367 182 3435 quie
192 3367 241 3436 Pl
255 3372 288 3427 lb
303 3366 439 3425 exberecn
448 3367 488 3422 ed.
495 3383 539 3434 pr.
555 3365 690 3422 exbersen
699 3368 727 3421 A
742 3365 856 3424 exerxin
867 3365 948 3420 sem.
962 3367 972 3435 11
987 3370 1020 3420 ts
1035 3364 1130 3434 dispe-

113 3437 186 3496 ratio
206 3439 235 3492 A
264 3439 274 3506 ll
307 3443 339 3492 17
364 3437 502 3496 esttoeolle¹
518 3438 548 3491 A
569 3436 710 3496 eerooerle
734 3452 830 3508 margo
854 3435 979 3494 stroools
1001 3436 1042 3490 cd.
1057 3453 1101 3504 pr.
1120 3434 1130 3506 ll

111 3513 148 3562 20
167 3508 290 3578 primum
307 3507 327 3561 f.
342 3507 486 3576 componis
505 3510 533 3564 P
552 3510 564 3576 ΙΙ
587 3513 620 3561 21
639 3507 741 3562 lescies
760 3509 801 3564 ed.
811 3525 856 3577 pr.
876 3506 964 3562 feoeis
982 3507 1010 3562 P
1026 3505 1129 3562 fasceis

113 3579 164 3648 Au
179 3585 212 3632 22
232 3579 384 3648 coniunges
403 3596 453 3634 om.
470 3579 497 3632 A
513 3582 517 3645 Ι
532 3577 660 3646 regulem
679 3580 707 3632 P
