2682 3920
194 237 237 300 94
631 235 765 289 VEGETI

161 408 178 462 2
195 403 276 474 Quae
299 407 325 462 si
347 404 423 464 forte
443 404 600 479 defuerint,
622 405 682 464 mel
701 407 817 463 coetum
835 423 901 463 cum
919 405 1009 463 tertia
1027 407 1111 480 parte
1130 405 1201 463 selis

192 493 259 552 triti
282 496 362 571 cogis
384 495 416 551 in
434 494 552 569 pilulas,
574 495 618 552 ite
641 495 677 552 ut
695 494 820 569 collyria
838 494 876 551 ed
899 493 948 552 ovi
966 493 1202 571 magnitudinem

192 583 295 658 facias,
317 583 512 658 similiterque
534 601 628 659 prono
647 583 771 642 animali
793 585 825 640 in
847 585 1022 642 intestinum
1043 584 1092 640 vel
1115 584 1200 657 quin-

193 691 251 747 que
273 671 321 730 vel
343 674 457 746 septem
478 673 527 730 vel
553 691 660 730 novem
688 671 812 746 collyria
838 673 949 731 inicere
976 671 1106 745 curabis3
1133 667 1202 746 post

194 759 272 835 quod
294 762 453 819 resolvitur
475 763 579 819 venter
601 763 632 818 et
656 759 844 837 mitigabitur
866 760 957 819 dolor.
1002 759 1077 818 Item
1100 759 1201 834 physi-
1229 781 1242 820 s

193 867 260 908 cum
278 849 417 923 traditur,
436 867 469 907 os
487 849 603 908 limacis
621 867 716 923 neque
734 868 824 908 manu
837 848 989 907 immunda
1007 867 1102 923 neque
1121 851 1201 907 terre

192 956 287 1013 neque
310 938 397 996 dente
421 939 592 996 contactum
620 938 744 1014 alligare
767 937 907 996 umbilico
931 938 1071 1012 dolentis,
1099 955 1200 996 curare

191 1028 341 1085 continuo.

449 1163 584 1227 LXIII.
607 1162 657 1227 De
679 1165 769 1227 dorso
792 1164 937 1227 curoudo.

98 1303 164 1343 1185
179 1303 245 1342 Sehn-
290 1291 468 1368 Plerumque
491 1292 610 1351 dorsum
633 1293 810 1350 animalibus
834 1295 887 1350 aut
909 1310 1012 1368 sagma
1030 1290 1124 1350 laedit
1146 1293 1199 1350 aut
1214 1313 1239 1351 10

194 1381 275 1454 sella,
298 1384 421 1456 propter
443 1383 602 1440 sternentis
620 1381 833 1458 negligentiam
856 1383 905 1438 vel
927 1381 1022 1438 oneris
1045 1380 1198 1454 iniuriam3

193 1468 273 1544 quod
290 1469 322 1526 in
340 1469 497 1528 itineribus
515 1469 664 1528 interdum
681 1488 797 1529 necesse
817 1472 862 1528 est
883 1471 1007 1542 evenire,
1030 1468 1082 1527 sed
1100 1487 1199 1528 recens

191 1561 291 1616 tumor
312 1559 369 1616 hac
391 1560 506 1617 ratione
528 1560 682 1634 palpatur:
705 1559 865 1616 mellonem
887 1577 1026 1633 ceparum
1048 1557 1096 1615 vel
1118 1559 1199 1632 ipsas

191 1665 278 1721 cepas
293 1649 326 1704 in
340 1647 559 1721 ferventisque
574 1647 718 1721 decoques
732 1650 762 1704 et
776 1647 913 1720 calentes,
928 1648 1073 1721 quantum
1087 1647 1199 1705 corium

191 1735 272 1793 valet
290 1737 442 1808 sustinere,
465 1736 578 1794 tumori
596 1737 816 1810 superimpones
835 1738 865 1793 et
883 1735 977 1794 fascia
995 1735 1116 1812 ligabis:
1139 1753 1199 1792 una
1213 1754 1238 1794 rs

191 1827 277 1881 nocte
300 1824 395 1880 omnis
419 1823 554 1882 aufertur
580 1823 704 1882 inflatio.
745 1822 902 1882 Praeterea
929 1823 974 1882 sal
1002 1825 1110 1881 tritum
1133 1842 1199 1882 cum

191 1914 275 1970 aceto
309 1911 445 1971 miscebis
480 1911 640 1987 additoque
669 1913 773 1970 vitello
803 1914 852 1970 ovi
881 1913 946 1971 loee
981 1931 1056 1988 quae
1085 1915 1198 1971 tumere

191 2000 341 2075 coeperint
363 2001 550 2076 perfricabis:
573 2019 673 2060 recens
696 2001 864 2078 indignatio
885 2002 1008 2060 astricta
1031 2001 1197 2060 siccabitur.

319 2208 446 2273 LXIV.
469 2208 519 2273 Dc
534 2211 660 2290 potione
677 2209 901 2290 probatissimo
923 2208 1072 2288 diapente.

97 2349 161 2389 11³6
176 2349 242 2389 Schn-
289 2335 346 2395 Oui
377 2357 465 2396 curae
488 2342 533 2396 est
558 2339 732 2398 animalium
760 2339 852 2411 salus,
879 2337 1031 2413 potionem
1062 2339 1197 2413 superius
1211 2357 1238 2396 so

190 2426 384 2500 declaratam,
421 2447 513 2502 quam
544 2429 707 2502 specierum
743 2444 881 2486 numerus
913 2426 1051 2501 diapente
1084 2425 1196 2485 Graeco

189 2515 333 2574 vocabulo
347 2518 543 2591 nuncupavit:
562 2517 728 2593 gentianae,
742 2515 957 2588 aristolochiae,
971 2533 1097 2590 murrae,
1109 2515 1195 2573 baca·

195 2633 197 2638 ’
261 2664 330 2718 esf.
350 2665 420 2720 run.
440 2668 497 2719 aas.
518 2666 583 2719 hac
603 2665 691 2718 xxix
712 2671 769 2718 113.
863 2665 1194 2736 10Pe1.e.168.Veg.
1291 2733 1293 2738 Ι

189 2737 270 2789 fleo.
343 2737 591 2807 20Veg.110,6.

261 2902 275 2948 1
296 2895 436 2950 defirerint
454 2898 483 2950 P
502 2899 511 2965 ll
533 2901 549 2948 2
569 2913 651 2967 coges
670 2898 698 2950 A
715 2896 825 2949 reducis
844 2897 872 2950 P
892 2898 901 2964 ll
924 2903 940 2950 4
959 2898 1008 2950 aut
1026 2913 1052 2949 n.
1072 2897 1112 2950 cd.
1123 2914 1167 2964 pr.
1190 2897 1192 2966 l

188 2967 309 3022 inserere
327 2969 366 3022 ed.
377 2985 421 3036 pr.
439 2969 443 3036 Ι
459 2968 524 3036 post
538 2967 654 3021 solvitur
672 2969 711 3021 cd.
722 2984 766 3035 pr.
781 2969 845 3035 post
859 2983 931 3034 quae
946 2969 975 3020 et
987 2985 1008 3021 r.
1024 2969 1052 3020 P
1062 2968 1101 3036 lle
1120 2967 1196 3020 miti-

188 3039 272 3108 gatur
289 3040 328 3093 cd.
339 3057 384 3107 pr.
410 3041 414 3106 Ι
443 3038 698 3092 item-continuo
717 3055 767 3092 em.
782 3040 810 3092 P
825 3038 894 3090 item
912 3056 961 3093 om.
977 3041 1004 3093 A
1031 3039 1040 3106 ΙΙ
1068 3044 1195 3091 dossum

187 3108 232 3162 vel
251 3126 281 3162 os
299 3109 318 3162 l.
333 3111 412 3178 All‘l
432 3113 461 3163 et
480 3125 576 3164 curare
594 3112 622 3164 A

261 3184 293 3232 10
312 3195 409 3250 sagma
428 3181 490 3234 Ffi
540 3197 557 3234 a
575 3183 603 3234 P
619 3183 729 3235 sarcina
746 3182 818 3251 culp.
833 3185 842 3251 ΙΙ
861 3187 893 3236 11
914 3181 1062 3234 sternentis
1082 3181 1109 3233 P
1125 3181 1195 3232 stra-

188 3250 276 3303 menti
293 3252 364 3321 vulp.
379 3255 388 3320 Η
403 3257 435 3305 13
454 3266 492 3320 pa
503 3255 587 3320 patur
601 3255 628 3306 P
646 3254 705 3323 ch.
721 3254 760 3306 Π
769 3255 804 3306 60
822 3252 984 3322 palpantior
1001 3252 1032 3305 F
1046 3249 1196 3319 compelle·

188 3322 235 3374 tur
252 3322 280 3375 A
299 3324 411 3375 curatur
428 3325 467 3377 ed.
479 3340 523 3392 pr.
552 3325 560 3392 l
582 3329 614 3376 15
634 3321 797 3392 superponis
816 3326 843 3377 P
860 3338 1015 3392 superpone
1033 3324 1061 3376 A
1083 3325 1092 3390 l
1116 3327 1148 3374 17
1167 3323 1196 3375 et

187 3391 251 3445 loca
269 3393 297 3445 A
310 3395 319 3460 ΙΙ
334 3398 367 3445 18
386 3393 520 3447 destricta
537 3395 577 3448 ed.
587 3411 632 3462 pr.
652 3393 716 3446 sico.
731 3395 782 3446 ast.
798 3395 825 3447 A

260 3468 293 3516 20
308 3479 374 3516 cnra
385 3466 413 3518 A
426 3467 482 3586 ΙΨ
498 3464 651 3533 diapenten
666 3465 693 3517 A
709 3467 712 3531 Ι
728 3481 842 3518 numero
857 3464 882 3517 d.
899 3463 943 3517 Gr.
958 3480 1016 3518 voe.
1031 3465 1196 3530 nuncupant

189 3533 227 3586 ed.
235 3550 279 3600 pr.
294 3535 303 3602 ΙΙ
318 3539 421 3588 20-22
454 3535 512 3589 otio
523 3535 674 3602 diapenton
688 3534 831 3588 nominata
842 3535 968 3603 superius
978 3533 1101 3602 capitulo
1112 3548 1195 3586 curae

188 3604 279 3657 morbi
297 3604 405 3658 humidi
425 3605 526 3676 [th
540 3604 622 3657 huius
642 3605 723 3675 PMJ.
742 3608 887 3673 praeterea
905 3606 975 3658 haec
993 3607 1036 3658 est
1054 3605 1123 3658 PM
1131 3605 1157 3658 V
