2684 3926
178 223 243 286 228
619 223 755 277 VEGETI

141 391 145 439 ἶ
176 394 289 450 rinum·
311 409 376 449 cum
412 390 500 449 melle
535 395 565 449 et
594 394 664 452 vino
693 395 790 451 veteri
823 412 876 469 per
908 395 1060 452 sinistram
1092 413 1196 452 narem

177 480 304 556 digeras.
350 480 510 555 Aliquanti
538 483 661 556 panacis
696 481 825 540 radicem
857 482 998 541 detritam
1028 500 1096 540 cum
1124 482 1194 540 vino

177 569 291 644 optimo
314 569 433 628 hemina
457 572 487 627 et
509 570 605 628 trihus
629 571 745 644 cyathis
773 572 832 630 olei
856 589 910 646 per
933 589 1091 631 cavernam
1113 571 1194 629 naris

172 657 316 717 'sinistrae
334 657 505 720 infundunt.
538 658 697 718 Praeterea
714 662 875 719 rosmarini
894 679 989 735 scrup.
1004 659 1056 734 IV,
1075 679 1194 720 murrae

177 765 272 823 semp.
296 747 340 820 Π,
370 749 449 806 croci
472 765 568 822 scrup.
587 748 618 806 ΙΙ
642 765 710 806 cum
737 751 801 807 vini
827 751 937 808 veteris
961 751 1102 823 sextario,
1136 748 1194 808 olei
1224 771 1237 809 s

175 837 296 894 hemina
319 854 374 912 per
396 855 482 896 nares
512 836 610 895 triduo
638 836 820 912 defundunt,
850 840 894 898 ita
924 839 962 896 ut'
981 838 1010 896 in
1036 837 1084 896 die
1107 837 1195 896 detur

175 927 304 984 hemina.
357 925 469 984 Anethi
499 926 704 998 acetabulum,
741 929 795 986 iris
826 927 965 1002 Hlyricae
996 927 1194 1000 acetabulum,

175 1018 261 1074 rutae
285 1032 382 1089 semp.
402 1014 426 1088 Ι,
449 1015 509 1073 olei
525 1014 676 1074 heminam
699 1015 854 1075 dimidiam
873 1035 960 1074 mane
980 1035 1035 1092 per
1057 1035 1089 1076 os
1113 1016 1194 1094 dige-

143 1106 255 1162 Vrunt.
309 1103 477 1178 Suspirium
512 1122 630 1179 quoque
665 1123 699 1162 ac
729 1107 833 1163 tussim
868 1106 994 1179 relevat,
1027 1107 1054 1164 si
1084 1105 1194 1164 radicis

176 1195 254 1250 mori
280 1210 377 1267 scrup.
396 1192 423 1266 I,
449 1193 558 1252 herbae
580 1193 754 1269 heliotropii
778 1213 844 1253 unc.
863 1194 909 1252 HI
937 1194 1098 1271 diligenter
1126 1213 1194 1253 con-
1211 1217 1237 1255 re

176 1286 256 1340 teras
295 1283 325 1340 et
360 1300 428 1340 curu
462 1281 581 1341 hemina
617 1284 682 1341 vini
719 1283 838 1344 candidi
876 1303 930 1358 per
969 1302 1001 1342 os
1040 1283 1193 1342 defundes.

176 1370 289 1430 Recens
312 1389 383 1429 vero
406 1373 497 1429 tussis
522 1371 657 1447 expedite
684 1372 740 1430 hac
766 1375 919 1432 curatione
943 1372 1077 1431 sedatur:
1104 1372 1194 1431 lentis

176 1463 250 1518 sext.
269 1460 285 1517 I
304 1477 325 1517 e.
350 1461 454 1518 emulis
477 1461 665 1536 farinamque
692 1461 921 1520 mundissimam
943 1463 1048 1536 facies,
1077 1481 1112 1519 ex
1135 1481 1194 1536 qua

177 1549 311 1626 singulas
341 1549 475 1608 heminas
505 1567 573 1608 cum
601 1551 727 1626 singulis
755 1551 882 1609 heminis
912 1569 1008 1627 aquae
1030 1570 1084 1626 per
1106 1569 1139 1609 os
1162 1550 1194 1608 in

142 1637 311 1696 Striduum
336 1637 460 1715 digeras.
498 1637 592 1696 Vetus
618 1642 720 1697 autem
742 1641 832 1698 tussis
853 1639 966 1698 aboleri
989 1640 1119 1699 creditur
1136 1641 1194 1698 ita:
1210 1662 1236 1700 rs

139 1753 140 1758 ¹
177 1729 238 1784 tres
262 1725 385 1801 cyathos
413 1745 448 1784 er
476 1745 545 1786 suco
569 1729 652 1802 porri
675 1746 742 1785 cum
764 1728 884 1786 hemina
908 1729 967 1788 olei
993 1729 1194 1804 compluribus

177 1814 280 1873 diebus
304 1834 358 1890 per
379 1815 479 1873 fauces
507 1816 655 1874 infundas.
702 1817 872 1877 Tussientes
901 1821 930 1876 et
958 1819 1037 1876 vulsi
1063 1819 1119 1877 hae
1141 1837 1193 1894 po-

176 1906 259 1962 tione
278 1907 433 1962 curantur:
450 1907 573 1979 panacis
592 1905 702 1964 radicis
720 1924 785 1964 unc.
810 1905 848 1980 ΙΙ,
868 1906 990 1966 sulfuris
1009 1909 1072 1966 vivi
1090 1926 1155 1965 unc.
1170 1908 1194 1980 Ι,

177 1996 225 2052 tus
243 1993 409 2053 masculum
430 2011 495 2052 unc.
515 1993 555 2068 ΙΙ,
578 2014 695 2054 murrae
714 1995 846 2072 troglitis
866 2014 931 2053 unc.
950 1996 965 2053 Ι
984 1998 1144 2055 committa
1162 1998 1193 2054 iu

177 2083 329 2158 pulverem
352 2082 476 2159 rediges,
500 2102 535 2141 ex
559 2103 618 2158 quo
641 2082 701 2142 duo
724 2085 870 2144 coclearia
893 2104 960 2143 curu
983 2084 1097 2144 duobus
1121 2088 1194 2158 ovis,
1209 2109 1236 2147 so

139 2204 141 2208 ·
176 2171 281 2230 addita
303 2173 367 2231 vini
390 2174 499 2230 veteris
522 2171 655 2246 hemina,
681 2173 783 2232 diebus
807 2173 835 2229 V
858 2175 906 2232 vel
929 2173 988 2232 VII
1011 2193 1064 2249 per
1087 2191 1119 2233 os
1142 2174 1194 2232 da·

142 2261 230 2320 9bis.
277 2261 440 2336 Expertum
471 2261 581 2320 dicitur
612 2263 687 2320 ulmi
714 2265 841 2321 cinerem
867 2264 1065 2336 levissimum,
1094 2263 1195 2321 idest

175 2349 326 2424 favillam,
360 2368 439 2424 aqua
469 2352 584 2425 tepenti
613 2353 789 2426 permiscere
819 2355 849 2410 et
879 2353 938 2410 olei
967 2352 1038 2410 boni
1067 2370 1194 2426 aequam

246 2553 734 2608 afflcm.4fflcm
814 2555 1020 2611 lfflcffi
1100 2557 1192 2613 affl

175 2629 274 2678 c.10'l.
338 2630 370 2677 12
390 2623 446 2678 Pel.
463 2642 485 2679 c.
502 2630 552 2678 108
572 2625 688 2694 (Colum.
704 2627 743 2680 VI
757 2633 800 2694 31,
817 2631 850 2697 1).
908 2634 939 2680 17
959 2627 1131 2682 Pel.c.109.
1211 2673 1215 2680 .

176 2701 209 2749 22
228 2695 391 2749 Pel.c.110
411 2696 557 2766 (Emeriti).

177 2817 391 2829 --.,-

247 2891 340 2946 irini
359 2908 383 2945 o.
399 2893 439 2946 ed.
452 2910 496 2961 pr.
525 2896 534 2959 11
562 2899 731 2947 acavernas
749 2895 789 2948 ed.
800 2911 844 2964 pr.
861 2895 889 2949 A
915 2897 924 2964 11
952 2895 1062 2949 ocroci
1081 2913 1151 2964 scrp.
1166 2895 1193 2948 Π

174 2980 225 3018 om.
241 2963 281 3018 ed.
292 2981 337 3032 pr.
353 2965 381 3017 A
410 2967 414 3032 1
444 2965 576 3018 sextls.
592 2964 619 3017 L
646 2967 655 3033 11
680 2971 703 3018 -6
722 2967 755 3018 ut
774 2966 819 3019 die
839 2967 874 3019 de
893 2966 976 3021 emin.
992 2967 1018 3020 L
1037 2967 1082 3036 (de
1097 2974 1193 3036 postea

174 3036 239 3102 ias.)
254 3037 263 3104 11
278 3039 292 3087 ‘l
307 3034 357 3087 iris
371 3035 391 3088 Ι.
407 3035 495 3089 oeaL
509 3037 518 3104 1
532 3041 547 3089 8
562 3051 645 3089 mane
659 3052 709 3090 oua
725 3037 764 3090 ed.
772 3053 816 3106 pr.
834 3040 838 3106 1
855 3037 959 3106 digeris
973 3040 1001 3093 A
1015 3045 1024 3107 11
1039 3044 1054 3091 9
1068 3038 1193 3092 radicem

174 3106 251 3174 porri
269 3105 318 3174 Lll
334 3112 366 3159 11
385 3123 409 3159 v.
425 3105 512 3160 calidi
531 3109 588 3161 Pel.
603 3109 612 3176 11
632 3113 664 3161 11
683 3126 704 3161 r.
725 3123 836 3177 quoque
854 3110 894 3163 cd.
907 3127 951 3178 pr.
978 3112 981 3177 1
1007 3110 1121 3178 expedit
1140 3111 1194 3164 hac

175 3193 240 3230 cum
253 3177 363 3231 ratione
382 3193 403 3230 s.
418 3177 445 3230 L
464 3178 655 3247 experimento
671 3179 823 3234 curationis
841 3198 861 3233 s.
876 3180 917 3234 ed.
928 3197 973 3248 pr.
993 3197 1054 3249 exp.
1071 3198 1126 3235 cur.
1142 3197 1192 3234 om.

174 3249 202 3301 A
225 3249 234 3317 11
257 3253 289 3301 13
308 3248 504 3302 mollissimam
522 3251 561 3303 ed.
574 3267 617 3318 pr.
641 3251 651 3318 11
675 3257 709 3304 14
726 3250 847 3305 heminis
867 3267 955 3320 coque
974 3253 1003 3304 et
1020 3267 1071 3320 per
1090 3269 1120 3305 os
1139 3253 1166 3306 A
1186 3253 1190 3324 1

174 3334 225 3388 per
242 3321 276 3371 tr.
292 3321 387 3388 ccipe.
403 3321 453 3390 All
473 3326 505 3374 15
526 3321 649 3375 creditur
668 3322 692 3374 si
708 3365 713 3374 .
730 3364 735 3375 .
752 3322 883 3376 defundis
901 3324 942 3376 ed.
954 3339 997 3392 pr.
1013 3325 1063 3390 All
1079 3328 1111 3376 16
1130 3323 1193 3392 plu

175 3389 252 3442 ribus
275 3391 315 3442 ed.
332 3407 376 3457 pr.
396 3392 424 3445 A
459 3393 468 3461 11
507 3397 537 3446 17
562 3393 712 3445 tussientca
736 3393 880 3460 evulsique
899 3395 927 3448 A
950 3392 1102 3462 (vulsisque
1126 3395 1194 3518 GV}

177 3465 209 3511 19
229 3459 299 3512 turis
318 3462 510 3530 m.ed.pr.A
539 3466 543 3529 Ι
572 3463 727 3532 trigloditis
746 3463 886 3532 ed.pr.A
912 3470 921 3532 11
949 3471 981 3517 21
1003 3464 1028 3516 V
1046 3465 1090 3519 vel
1112 3465 1147 3518 Vl

175 3529 200 3582 V
218 3529 263 3583 vel
278 3530 329 3583 Vll
346 3532 386 3586 ed.
398 3549 443 3600 pr.
464 3533 489 3585 V
508 3532 607 3586 diebus
627 3536 722 3591 autom
740 3551 791 3603 per
809 3552 840 3589 os
859 3535 885 3589 d.
901 3537 1000 3604 111111
1019 3535 1192 3605 experimen-

174 3602 236 3652 tum
256 3600 282 3652 d.
298 3600 325 3654 L
341 3603 344 3670 1
361 3601 535 3658 lenissimum
555 3604 582 3656 L
1073 3645 1075 3650 ·
