2684 3926
513 210 652 266 MVLOM.
671 211 698 264 H
717 217 820 265 74-76
1106 212 1170 276 163

162 379 344 454 temporibus
364 380 488 438 oblinies
508 383 538 438 et
551 379 766 438 medicamento
785 383 951 439 constrictis
965 383 1047 440 venis
1062 380 1173 440 fluxum

163 470 315 545 sauguinis
337 471 487 544 reprimes,

455 623 596 689 LXXV.
620 623 671 689 De
693 625 873 706 dysenteria.

230 751 261 810 si
285 751 455 828 dysenteria
476 755 642 814 iumentum
668 753 906 831 apprehenderit,
934 756 1102 813 reversatur
1132 747 1279 842 fflffssssn‘

136 843 225 900 seius
249 843 368 917 extalis,
397 844 448 917 qui
475 845 510 902 ut
539 845 658 902 curetur
685 843 937 901 oiroumseoaudns
964 844 1010 901 est
1034 860 1101 901 oau-

162 931 290 1005 tissime,
313 950 349 990 ne
372 933 561 1007 intestinum,
589 931 668 1006 quod
690 931 893 1010 praepositum
916 934 961 990 est
983 931 1083 1006 extuli,
1105 934 1171 990 tan-
1199 1001 1201 1007 Ι

162 1021 259 1096 genu
300 1017 384 1088 Quod
417 1022 442 1080 si
470 1022 561 1079 fuerit
589 1021 715 1096 laesum,
742 1021 803 1079 iam
831 1039 889 1080 non
923 1020 1031 1079 rediet:
1060 1021 1103 1079 sie
1126 1040 1171 1079 re-

161 1108 297 1166 manebit
309 1110 339 1167 st
352 1109 471 1183 patulus
491 1110 548 1168 erit
562 1110 667 1168 extalis
686 1111 716 1168 et
730 1110 817 1168 faoiie
836 1109 970 1185 prooidet
983 1110 1170 1184 intestinum3

162 1197 265 1254 statim
287 1198 368 1256 uitae
391 1199 555 1273 perieulum
579 1199 659 1256 iacit.

121 1429 147 1470 ro
227 1402 388 1468 LXXVI.
412 1403 450 1470 Si
472 1407 603 1470 otiosum
624 1407 746 1470 animal
767 1407 952 1488 sauguinem
974 1407 1101 1487 obiurgat.
1149 1461 1152 1469 .

227 1530 416 1616 Animalibus
440 1535 542 1594 otiosis
566 1537 596 1594 et
623 1535 784 1614 pinguibus
807 1535 954 1612 ooutingit
981 1555 1016 1594 ex
1039 1537 1100 1611 plo·
1132 1527 1276 1623 &2333

160 1623 228 1680 tura
266 1623 441 1700 sanguinem
475 1626 620 1701 mingere,
654 1643 721 1688 oum
751 1625 819 1698 hoo,
851 1624 930 1699 quod
961 1624 1101 1700 abundat,

160 1711 335 1788 erumpendi
364 1731 417 1787 per
443 1715 546 1772 urinas
575 1715 691 1772 invenit
712 1712 800 1778 vium
834 1712 992 1772 Attenuati
1021 1716 1112 1772 etiam
1141 1715 1171 1772 et

160 1801 296 1860 exhausti
328 1801 465 1861 animalis
498 1801 647 1860 interdum
684 1805 729 1862 est
764 1805 851 1860 urina
880 1802 1055 1880 sauguinea3
1091 1802 1171 1878 quod

120 1911 145 1951 15
161 1889 269 1947 aooidit
292 1898 344 1954 aut
373 1891 465 1949 nimio
496 1909 618 1950 ascensu
648 1893 702 1949 aut
730 1891 832 1950 labore
860 1891 1024 1969 ponderum
1051 1894 1104 1950 aut
1126 1891 1170 1949 ni·

161 1979 285 2036 mietate
314 1997 418 2046 orsus.
462 1977 520 2038 Sed
541 1980 616 2054 iilis,
646 1979 697 2055 qui
728 1999 763 2039 ex
792 1980 906 2038 deliciis
934 1981 964 2040 et
988 1979 1203 2039 abundantias

47 2073 126 2157 {Wa-
163 2049 362 2156 contraire-ribi*-
374 2070 550 2142 passionem,
574 2068 610 2126 de
628 2070 752 2126 matriae
776 2068 952 2128 auferendus
971 2071 1017 2126 est
1034 2069 1168 2145 sanguis3

29 2157 35 2164 “
162 2155 450 2214 attenuatisntenam
472 2157 573 2214 laxare
597 2158 778 2214 contrarium
806 2160 858 2216 est.
904 2156 1045 2231 Utrisque
1068 2159 1169 2216 tamen
1200 2157 1228 2244 ig!
1243 2192 1296 2230 2„-

315 2221 332 2235 *⁹-
348 2223 353 2240 Α
1286 2220 1291 2230 a

354 2219 527 2313 distis
545 2273 595 2313 u
608 2257 681 2316 αῖς
710 2271 867 2320 neuen„
1203 2236 1207 2282 Ι
1281 2253 1293 2263 ·’

231 2381 248 2427 4
267 2373 339 2429 Chir.
356 2393 377 2430 c.
393 2383 452 2430 475.
527 2384 560 2431 11
579 2377 636 2432 Pel.
653 2395 675 2432 o.
691 2383 750 2432 302.

231 2595 243 2642 1
264 2589 294 2640 in
308 2591 328 2642 t.
343 2589 383 2642 ed.
392 2607 434 2658 pr.
450 2590 613 2660 Ptempore
628 2593 654 2645 L
671 2593 674 2659 1
692 2590 967 2660 oblinisreprimis
981 2593 1022 2648 ed.
1032 2610 1076 2662 pr.
1092 2592 1165 2664 ΑΡ)

159 2661 187 2713 et
205 2658 235 2713 in
253 2659 457 2714 medicamento
476 2677 499 2714 o.
514 2662 553 2715 ed.
564 2679 610 2730 pr.
626 2662 686 2716 ΑΡ
703 2664 731 2716 et
749 2662 926 2716 vehementer
944 2679 966 2716 e.
981 2664 1008 2717 L
1224 2680 1228 2686 ·

229 2730 344 2784 totalis
363 2732 390 2784 L
409 2732 501 2786 extalo
519 2733 580 2786 ΑΡ
612 2737 616 2800 Ι
650 2732 700 2801 qui
717 2733 862 2787 inauratur
880 2735 906 2787 L
929 2733 1164 2802 quae..oiroum-

158 2802 279 2856 secanda
293 2802 332 2856 ed.
344 2820 388 2870 pr.
408 2805 417 2872 ΙΙ
432 2809 447 2856 6
466 2819 501 2857 ne
520 2819 569 2860 om.
585 2804 612 2858 L
636 2806 640 2872 Ι
666 2804 757 2858 oxtnie
775 2807 870 2872 posset
892 2804 984 2859 faeere
1003 2806 1063 2859 ΑΡ
1080 2803 1166 2858 extali

156 2872 304 2943 frangatur
322 2875 362 2927 ed.
374 2891 418 2942 pr.
434 2873 500 2927 stati
518 2876 718 2944 tangsneratur
736 2876 763 2929 L
776 2877 785 2944 ΙΙ
801 2879 868 2929 1-9
886 2875 1009 2946 procidit
1027 2875 1165 2944 (procedit

157 2945 225 3014 ΑΡ)
239 2944 405 2998 intestinum
420 2961 437 2998 a
456 2947 586 2998 contactu
606 2948 633 3014 (a
646 2947 727 3015 tepta
737 2988 812 3000 .....
824 2947 852 3000 Ρ
868 2945 1004 3000 contactis
1019 2947 1068 3016 A);
1087 2945 1162 3000 vitae

156 3015 312 3083 periculum
335 3015 405 3069 facit
424 3015 448 3068 si
471 3016 504 3085 (si
524 3032 573 3070 om.
588 3017 657 3086 ΑΡ)
675 3019 821 3086 tangatur,
845 3018 920 3084 quod
944 3017 1030 3072 semel
1048 3015 1166 3086 (laesum

157 3087 220 3139 ada.
236 3087 304 3156 ΑΡ)
323 3103 378 3140 non
396 3087 471 3141 redit
485 3089 513 3140 et
531 3087 571 3140 sic
586 3087 744 3141 remanebit
762 3089 790 3142 et
807 3088 954 3158 paululum
972 3087 1113 3158 (paululus
1128 3089 1165 3160 A)

157 3157 215 3210 exit
233 3157 332 3212 extalis
352 3174 436 3226 supra
454 3159 493 3213 ed.
504 3176 549 3226 pr.
564 3159 625 3212 ΑΡ

229 3233 260 3281 11
280 3228 369 3298 pigris
384 3230 423 3283 ed.
431 3247 474 3297 pr.
490 3231 540 3298 ΑΙΙ
554 3235 587 3282 12
607 3247 670 3283 oum
687 3245 718 3282 eo
734 3247 788 3297 quo
803 3232 851 3300 Lu
867 3236 899 3284 13
918 3229 1028 3284 urinam
1042 3231 1081 3284 ed.
1093 3230 1159 3302 pn(

156 3298 306 3381 intervenit
322 3300 381 3382 vias
396 3301 490 3355 Pvias
508 3302 589 3360 etiam
602 3303 630 3354 A
647 3303 650 3370 t
667 3300 753 3354 etiam
767 3319 816 3356 om.
832 3302 871 3356 ed.
882 3318 926 3370 pr.
937 3301 999 3356 ΑΡ
1009 3304 1018 3370 ΙΙ
1033 3306 1066 3355 14
1080 3301 1162 3384 urin-23

156 3387 323 3511 {iffi
332 3373 477 3495 itit?
489 3372 659 3515 titiis
671 3373 782 3510 115ρῖῗῖ
792 3373 1149 3510 btisttt'iabfb
1150 3390 1163 3516 t

157 3513 206 3564 aut
225 3511 269 3564 ab.
284 3513 323 3566 ed.
335 3514 460 3580 pr.AP.
476 3515 485 3582 11
513 3519 545 3567 li
565 3513 708 3582 passiones
727 3515 766 3568 ed.
778 3531 823 3583 pr.
837 3515 898 3568 ΑΡ
920 3518 924 3581 Ι
950 3514 1080 3568 auferunt
1099 3531 1162 3568 san-

156 3581 270 3650 guinem
288 3583 327 3636 ed.
339 3601 383 3651 pr.
400 3585 479 3653 ΑΡΙΙ
494 3590 527 3638 18
546 3601 630 3640 venas
649 3586 688 3638 ed.
700 3602 743 3654 pr.
759 3585 843 3657 APi
866 3587 909 3639 est
927 3601 977 3640 oon.
993 3587 1032 3640 eei.
1043 3604 1087 3656 pr.
1104 3587 1164 3639 ΑΡ

950 3675 1002 3728 11*
