2668 3920
503 228 643 283 uvion.
663 231 675 283 1
695 235 736 297 13,
753 236 786 283 14
1109 230 1151 294 29

140 401 253 475 optimo
292 399 336 458 ita
373 400 406 456 nt
436 399 561 476 singulis
596 398 698 457 diebus
735 419 788 475 per
822 399 983 457 sextarium
1012 399 1076 458 vini
1104 400 1152 458 vel

141 508 236 565 aquae
259 487 378 564 tepidae
402 489 477 548 cocti
499 487 645 564 praedicti
667 488 870 547 medicaminis
899 488 1017 566 singula
1039 487 1153 546 maiora

141 578 285 638 coclearia
312 577 401 653 plena
431 580 461 636 et
493 578 644 637 cumulata
675 579 878 652 commisceas,
911 580 941 635 et
970 596 1023 652 per
1052 579 1153 636 fauces

142 667 275 745 degeres:
295 669 329 724 ut
348 666 578 725 amaritudinem
596 665 693 725 morbi
710 666 869 725 herbarum
880 666 1055 726 amaritudo
1075 683 1152 724 com·

114 773 277 834 spagnans
300 757 395 830 possit
418 756 571 830 expellere.

371 963 466 1029 XIV.
493 962 579 1028 (loru
601 964 701 1028 morbi
721 965 927 1046 sarcimicosi.

208 1092 427 1152 Faroiminosus
458 1095 558 1152 autem
588 1092 708 1152 morbus
744 1093 782 1151 ad
811 1093 1038 1153 similitudinem
1067 1095 1155 1152 farci-

141 1184 230 1241 minis
254 1182 422 1258 appellatus
445 1184 503 1257 est,
534 1183 605 1257 quia
627 1184 710 1242 velut
736 1181 843 1242 fistulis
872 1182 1049 1258 quibusdem
1078 1184 1156 1241 inber

142 1273 241 1330 cutem
270 1273 300 1330 et
330 1289 448 1330 carnem
471 1273 626 1348 corruptus
652 1272 758 1330 humor
785 1274 904 1343 emanat
931 1275 961 1330 et
982 1291 1036 1347 per
1058 1274 1156 1330 totum

100 1381 128 1421 10
142 1378 248 1436 corpus
272 1361 460 1418 collectiones
479 1361 623 1436 plurimas
647 1361 729 1435 facit,
753 1361 869 1419 stallis
891 1361 975 1419 velut
989 1362 1155 1424 ¹minuenti·

142 1449 198 1507 bus
222 1449 298 1507 aliae
321 1467 439 1508 rursum
457 1452 628 1508 nascuntur.
674 1449 756 1509 Haec
774 1451 873 1525 passio
891 1451 963 1509 licet
983 1449 1189 1527 contagiosa2

143 1539 193 1612 sit,
215 1537 333 1596 facilius
363 1541 464 1596 tamen
492 1539 571 1597 inter
599 1539 747 1614 principia
774 1541 907 1612 curatur,
938 1540 1009 1613 quia
1037 1541 1156 1596 interna

144 1645 246 1685 eorum
273 1627 371 1686 adhuc
399 1645 472 1686 sana
495 1629 579 1703 sunt,
607 1627 658 1686 scd
680 1618 837 1704 corruptus
866 1629 973 1686 humor
996 1647 1032 1686 ex
1053 1627 1155 1686 morbo

143 1715 222 1774 inter
251 1733 370 1774 carnem
400 1719 555 1792 cutemque
569 1720 727 1777 uersatur.
772 1717 851 1776 Huic
880 1720 981 1776 tamen
1009 1719 1042 1774 in
1068 1717 1156 1775 initio

101 1824 128 1865 ιε»
142 1804 364 1878 tantummodo,
394 1807 553 1880 antequam
583 1806 709 1883 incipiat
738 1825 914 1880 mucescere,
947 1809 1000 1865 aut
1028 1807 1061 1865 in
1089 1806 1156 1880 fine,

143 1912 210 1952 curn
233 1895 295 1951 iam
316 1893 390 1952 bene
413 1894 505 1954 fuerit
522 1898 707 1971 reparatum,
736 1894 935 1955 detrahendus
958 1898 1012 1954 est·
1026 1896 1156 1973 sanguis,

142 1982 222 2041 Nam
245 1983 276 2040 in
305 1973 404 2042 media
426 1985 563 2060 passione
593 1985 619 2042 si
648 1984 805 2044 flebotomo
836 1987 881 2042 uti
910 1984 988 2044 circa
1016 2005 1083 2043 eum
1106 1980 1190 2043 vo·3

142 2071 248 2144 lucris,
278 2075 433 2149 aegrotum
456 2073 567 2130 animal
590 2073 726 2132 evirabis.
773 2073 831 2132 Sed
858 2074 1046 2132 collectiones
1070 2090 1157 2148 quas·

143 2179 261 2234 cunque
285 2161 401 2235 fecerit,
430 2163 511 2219 inuri
532 2163 620 2221 rectis
644 2163 783 2221 cauteriis
807 2163 956 2234 convenit;
985 2164 1015 2220 et
1038 2163 1072 2219 ut
1095 2160 1156 2219 effi-

131 2427 136 2439 ·
218 2406 251 2454 19
271 2399 343 2454 Chir.
360 2418 382 2454 c.
398 2406 450 2454 364
470 2401 504 2455 cf.
521 2406 579 2454 181.

219 2620 232 2666 1
253 2615 359 2683 optimo
374 2631 423 2668 om.
439 2616 467 2668 P
481 2614 484 2686 1
501 2615 554 2684 ita]
570 2614 650 2667 dabis
665 2615 706 2668 ita
720 2617 748 2669 P
761 2614 841 2668 dabis
856 2615 895 2668 cd.
906 2633 950 2685 pr.
966 2618 975 2685 11
990 2621 1005 2668 2
1021 2615 1093 2670 cocti
1107 2633 1157 2672 om.

146 2685 240 2740 AFP
255 2685 395 2754 praedicti
413 2702 464 2740 om.
480 2685 533 2740 Ls
554 2686 557 2756 1
579 2685 646 2739 cocl.
666 2686 773 2739 maiora
791 2685 910 2740 misceas
928 2689 956 2741 P
971 2705 1059 2740 unum
1078 2686 1159 2741 coch-

145 2755 269 2882 ldmmP
279 2756 370 2810 maius
385 2774 420 2810 m.
437 2759 475 2811 M
483 2759 558 2826 7114
577 2757 688 2826 digeras
703 2758 734 2812 F
747 2757 789 2812 ed.
800 2775 845 2826 pr.
864 2757 1001 2812 immittas
1014 2760 1044 2812 P
1053 2761 1063 2828 11
1078 2764 1093 2812 5
1113 2775 1159 2812 ex·

177 2843 223 2881 ere

145 2845 164 2897 p
218 2902 233 2950 ‘l
253 2915 270 2952 a
285 2899 379 2953 s.AF
390 2899 430 2953 cd.
441 2917 485 2968 pr.
501 2899 510 2967 11
524 2904 540 2952 8
555 2897 573 2952 f.
585 2917 610 2967 q.
626 2899 773 2969 SLPper
786 2900 805 2954 f.
821 2919 847 2968 q.
862 2901 925 2954 AF
936 2901 976 2954 ed.
989 2918 1031 2968 pr.
1047 2903 1056 2970 11
1070 2905 1085 2952 9
1101 2917 1159 2954 cor-

145 2971 245 3038 ruptus
257 2987 307 3025 om.
318 2971 411 3025 AFP
422 2973 431 3040 11
447 2975 479 3023 10
493 2970 684 3024 munientibus
698 2973 726 3026 P
737 2973 746 3040 11
761 2977 793 3024 11
808 2971 897 3053 Haec]
908 2971 957 3026 sed
972 2973 1034 3026 AF
1045 2972 1085 3026 ed.
1096 2989 1140 3040 pr.
1153 2971 1157 3043 1

146 3041 348 3110 contagioncsa
361 3042 389 3095 A
402 3043 411 3110 11
427 3047 459 3094 12
474 3041 504 3094 in
517 3041 656 3110 principio
671 3042 763 3097 AFP
778 3042 781 3114 1
798 3042 942 3096 curabitur
955 3044 994 3098 ed.
1005 3060 1051 3111 pr.
1069 3043 1072 3113 1
1088 3042 1160 3097 inte·

146 3111 221 3166 riora
239 3113 268 3166 P
287 3115 297 3182 11
321 3117 353 3166 13
373 3129 406 3166 ex
424 3113 520 3166 morbo
544 3130 594 3168 om.
609 3114 638 3168 P
662 3116 671 3182 11
700 3119 733 3167 14
750 3113 825 3167 inter
843 3130 866 3167 c.
885 3117 914 3167 et
933 3116 1025 3168 cutem
1044 3116 1072 3168 P
1087 3114 1161 3169 inter

147 3185 241 3237 cutem
260 3185 288 3238 et
307 3199 329 3237 c.
345 3185 409 3239 AF
419 3185 459 3238 ed.
470 3201 515 3253 pr.
538 3187 543 3252 1
567 3186 684 3238 vexatur
701 3187 729 3239 P
752 3188 757 3254 1
780 3184 811 3238 in
829 3201 879 3240 om.
897 3185 957 3240 GF
974 3185 1060 3239 etiarn
1078 3185 1160 3241 initio

146 3256 299 3322 antequam
313 3257 341 3309 P
352 3256 361 3324 11
376 3260 409 3309 15
428 3271 540 3309 carnem
557 3255 677 3325 incipiat
689 3256 721 3310 F
734 3258 737 3325 1
753 3271 923 3310 marcescere
937 3257 1031 3311 AFP
1046 3259 1085 3311 cd.
1099 3275 1141 3326 pr.
1154 3257 1158 3330 1

147 3324 232 3380 finem
249 3326 340 3394 81116
358 3327 416 3378 iem
434 3343 484 3380 orn.
500 3327 527 3380 L
543 3329 546 3394 1
562 3329 708 3396 reparatus
726 3328 752 3381 L
770 3330 958 3396 temperatum
972 3329 1035 3382 AF
1046 3331 1055 3398 11
1070 3334 1102 3382 17
1121 3331 1161 3384 sic

147 3397 209 3452 Fa
222 3395 413 3466 (flebotomum
425 3415 452 3452 n.
464 3413 486 3450 c.
497 3414 520 3451 e.
536 3397 560 3451 si
573 3401 609 3468 v.)
620 3400 647 3453 P
658 3398 742 3468 (circa
756 3398 866 3468 ipsum).
886 3398 1047 3454 flebotomis
1060 3417 1087 3454 u.
1098 3418 1122 3454 v.
1133 3401 1161 3454 A

148 3469 187 3521 ed.
199 3485 243 3536 pr.
263 3468 272 3537 11
292 3474 325 3522 18
345 3468 464 3522 evirabis
483 3469 511 3523 L
525 3469 598 3524 Obir.
618 3469 759 3539 peiorabis
777 3472 812 3524 A.
832 3487 888 3525 non
907 3470 1018 3524 curabis
1036 3471 1097 3525 FP
1113 3488 1161 3524 ne·
1230 3525 1239 3544 ‚

148 3545 291 3664 quaquam,
314 3555 336 3594 c.
355 3539 396 3594 ed.
412 3558 455 3610 pr.
473 3540 477 3611 1
494 3540 543 3594 sed
562 3541 586 3594 si
605 3557 627 3594 c.
642 3542 669 3596 L
691 3543 700 3610 11
724 3547 757 3595 19
776 3558 855 3595 urere
874 3542 920 3613 Ρ1
937 3541 1096 3596 cauteribus
1115 3542 1137 3596 S
1155 3541 1159 3612 1

149 3625 164 3662 e
196 3625 247 3664 om.
