2684 3926
185 231 250 294 202
627 229 762 284 VEGETI

185 403 268 458 nuum
292 403 323 457 in
347 402 418 459 vino
441 403 527 478 nigro
551 400 647 458 calido
671 399 766 458 dilues
790 402 820 457 et
845 399 953 457 ootidie
976 417 1030 473 per
1052 415 1085 456 os
1108 397 1204 471 potio-

185 489 278 548 nabis.
330 489 392 546 Alii
425 505 544 547 murrae
576 507 642 546 uno.
666 488 705 561 Π,
738 488 860 547 sulfuris
892 489 954 545 vivi
985 504 1052 545 uno.
1076 486 1100 559 Ι,
1131 487 1206 543 nitri

185 596 322 650 somnne,
346 579 421 654 piois
443 578 577 653 liquidae
605 578 749 652 pusillum
772 577 911 635 deterunt
934 575 1094 650 additoque
1117 575 1204 632 melle

187 671 217 725 et
235 670 305 726 vino
324 670 423 725 vetere
438 666 561 726 odorato
582 666 708 724 candido
723 685 777 742 per
795 684 882 724 nares
897 668 1014 740 saepius
1033 663 1203 722 infundunt.

153 755 310 814 sonabis
343 761 442 814 autem
470 777 507 814 ne
530 756 643 833 algeat,
674 756 855 831 temperabis
885 753 1147 813 exercitationibus
1170 756 1205 810 ut
1234 773 1247 812 5

186 846 283 904 sudet:
308 849 338 903 et
356 865 416 904 non
435 847 531 904 solum
549 847 581 902 in
599 847 730 920 potione,
754 845 806 904 sed
824 846 916 903 etiam
934 846 967 901 in
985 844 1072 901 faeno
1091 844 1203 900 nitrum

186 954 253 992 oum
276 935 431 994 meliorato
455 953 609 1010 aspersum
633 953 748 1008 semper
771 935 908 1008 accipiat.

486 1142 576 1208 OXI.
600 1142 651 1207 De
673 1143 899 1224 opisthotonico,

76 1265 219 1361 ffigfsffin
267 1271 488 1348 Opisthotonioi
511 1292 630 1348 quoque
649 1273 754 1332 similis
777 1274 877 1347 passio
895 1271 1052 1330 indicatur.
1095 1266 1202 1327 Ortho-

220 1363 336 1420 tonious
368 1365 424 1435 est,
455 1364 507 1438 qui
534 1364 615 1420 totus
645 1365 689 1420 est
716 1360 844 1438 rigidus,
875 1360 1124 1436 opisthotonious,
1155 1359 1203 1416 oui
1218 1380 1245 1418 ro

182 1454 214 1508 in
246 1451 458 1526 posterioribus
491 1451 627 1526 partibus
661 1449 781 1509 morbus
813 1449 963 1509 insederit,
1020 1446 1110 1506 Cuius
1142 1449 1202 1505 ista

183 1543 253 1599 sunt
276 1542 374 1617 signa:
399 1560 484 1599 aures
507 1540 620 1617 rigidas
643 1539 777 1610 habebit,
801 1539 912 1598 collum
936 1541 1099 1610 extensum,
1123 1536 1202 1594 oculi

183 1631 323 1701 minores,
354 1633 438 1687 tensa
461 1630 548 1703 pellis
578 1631 611 1686 in
635 1630 724 1702 faeie,
754 1628 840 1686 labra
868 1629 986 1704 gravia
1016 1630 1051 1684 ut
1074 1627 1201 1684 osoitare

184 1721 237 1775 aut
260 1737 292 1776 os
316 1720 430 1792 aperire
454 1737 514 1776 non
543 1719 651 1792 possit,
680 1719 778 1775 eibum
805 1719 968 1792 potumque
991 1715 1140 1789 fastidiet,
1170 1716 1202 1771 et

184 1807 278 1864 cauda
300 1807 335 1864 fit
357 1807 468 1884 rigida,
492 1825 608 1883 gressus
632 1809 776 1880 insertus,
802 1805 935 1863 membra
958 1805 1098 1879 distensa,
1123 1802 1199 1860 diffi-
1216 1825 1242 1864 ie

183 1897 239 1954 oile
254 1896 444 1973 progreditur
459 1899 489 1953 et
507 1897 678 1970 frequenter
695 1897 727 1952 in
741 1897 936 1971 posteriorem
954 1893 1061 1952 recidit
1074 1895 1199 1968 partem,

149 1985 259 2043 2unde
284 1988 314 2043 et
337 1985 572 2060 opisthotonious
600 1986 779 2042 nominatur.
823 1983 908 2052 Quod
935 2000 1027 2060 genus
1051 1982 1199 2059 passionis

182 2075 277 2133 hieme
312 2092 414 2132 onrare
447 2073 568 2131 difficile
601 2076 658 2147 est,
692 2076 805 2131 aestate
838 2075 938 2130 autem
970 2074 996 2131 si
1026 2071 1200 2148 diligentior

182 2164 272 2221 fuerit
287 2182 359 2220 oura
373 2162 527 2221 obtinebis.
564 2161 646 2230 Quae
659 2164 763 2236 passio
774 2181 828 2237 per
846 2164 991 2220 aestatem
1004 2161 1050 2219 his
1065 2161 1199 2218 nascitur

181 2255 292 2324 oausiS,
321 2255 347 2310 si
374 2253 541 2310 iumentum
571 2251 779 2310 ardentissimo
810 2252 902 2308 fuerit
924 2251 986 2316 sole
1015 2267 1197 2325 percussum,
1212 2271 1240 2310 ao

220 2410 271 2527 273
288 2403 476 2457 chindeus.
534 2403 741 2456 9Pel.o.⁶2or.
805 2408 836 2455 11
858 2402 914 2455 Pel.
930 2419 952 2454 o.
968 2406 1028 2454 268.
1087 2405 1119 2453 19
1139 2397 1201 2454 Pel.¹

180 2493 202 2528 o.
275 2521 278 2529 .

252 2624 348 2669 lenm
368 2635 392 2668 v.
413 2619 552 2684 ed.pr.A
584 2619 592 2685 11
626 2615 711 2669 salii
730 2617 941 2684 osq.od1toom
959 2631 1018 2684 cap.
1042 2616 1195 2682 onePta.

179 2705 244 2742 vero
259 2690 299 2742 od.
306 2691 389 2757 pmA
406 2691 409 2755 1
427 2706 446 2740 s.
458 2688 515 2740 vini
531 2688 619 2742 Lom.
630 2690 670 2741 ed.
678 2687 915 2756 pr.Afltveteri
926 2687 985 2740 LA
999 2688 1007 2754 11
1022 2692 1037 2738 6
1052 2685 1196 2754 potionem

179 2761 258 2828 11117
279 2777 423 2828 aspersum
442 2777 492 2812 om.
509 2760 534 2810 L

251 2838 266 2883 8
287 2832 446 2900 epistotono
474 2832 513 2884 ed,
529 2847 575 2913 pr.
600 2830 769 2898 epitostomo
790 2832 817 2883 P
839 2830 873 2882 de
896 2828 1093 2898 propietatono
1119 2827 1195 2880 idem

179 2905 211 2969 (t.
226 2903 255 2954 id
275 2907 329 2971 est)
348 2902 498 2970 posteriori
511 2902 606 2972 rigido
620 2903 647 2956 A
661 2904 670 2970 11
685 2907 709 2954 9.
726 2906 759 2954 10
773 2908 819 2955 oto.
840 2900 963 2969 epistoni
977 2902 1004 2954 A
1024 2899 1155 2968 epistomi
1170 2901 1198 2951 P

180 2975 330 3044 epistotoni
345 2975 384 3027 ed.
397 2990 440 3041 pr.
459 2977 463 3042 1
479 2974 621 3026 indicatur
635 2974 695 3027 LP
711 2973 840 3026 videatur
854 2975 880 3026 A
901 2970 1060 3024 declaratur
1075 2973 1113 3025 od.
1126 2988 1169 3038 pr.
1189 2973 1191 3022 λ

179 3046 327 3099 ornonious
348 3047 375 3098 P
391 3045 545 3097 ortotoioue
566 3047 594 3098 A
607 3047 615 3113 11
632 3050 664 3097 lo
684 3047 727 3098 est
745 3061 795 3097 om.
812 3045 851 3097 ed.
864 3062 907 3112 pr.
924 3045 952 3096 A
965 3045 974 3110 11
991 3047 1021 3094 12
1041 3057 1122 3095 renes
1141 3041 1193 3110 rig.

178 3118 205 3170 L
224 3119 306 3169 dures
325 3116 431 3184 rigidos
451 3118 478 3170 A
497 3115 616 3185 frigidas
634 3132 728 3186 morpo
747 3116 787 3168 ed.
798 3133 843 3184 pr.
877 3118 880 3182 1
913 3115 1008 3167 oeulos
1027 3115 1067 3167 ed.
1078 3131 1123 3182 pr.
1139 3115 1166 3167 A
1192 3114 1194 3126 '

180 3194 212 3241 13
231 3191 251 3241 t.
267 3206 293 3255 p.
309 3191 390 3240 tensa
409 3188 482 3241 facie
502 3189 529 3241 A
559 3190 562 3255 1
592 3185 670 3239 lubia
689 3188 729 3240 ed.
741 3204 785 3254 pr.
806 3186 924 3255 bagrubi
943 3187 994 3238 aut
1012 3202 1036 3238 o.
1053 3187 1081 3238 A
1107 3188 1111 3251 1
1137 3201 1192 3237 oso.

178 3261 206 3310 et
225 3259 335 3326 aperire
353 3259 398 3310 vix
412 3277 440 3328 p.
456 3277 498 3311 om
526 3275 556 3311 os
571 3259 610 3312 ed.
622 3276 666 3326 pr.
688 3275 742 3310 ose.
758 3259 808 3311 aut
822 3258 913 3325 perire
927 3273 983 3309 non
997 3275 1024 3325 p.
1040 3259 1068 3311 A
1087 3255 1192 3326 gavia,

178 3330 336 3392 obeoitatio,
357 3332 385 3381 et
404 3347 434 3382 os
454 3347 478 3382 a.
498 3330 544 3382 vix
562 3331 657 3398 potest
676 3330 704 3382 P
730 3329 739 3397 11
769 3334 801 3381 14
821 3330 850 3381 et
868 3335 894 3382 ot
911 3329 943 3380 fit
961 3345 1011 3382 om.
1027 3329 1066 3381 ed,
1078 3345 1122 3396 pr.
1138 3329 1166 3380 A
1185 3341 1193 3397 1

179 3408 211 3452 15
228 3399 342 3451 difficile
354 3431 386 3439 —
398 3419 423 3468 p.
437 3405 496 3466 203,
509 3407 541 3453 15
557 3401 663 3468 operire
674 3416 723 3453 om.
735 3402 763 3453 P
773 3401 783 3468 11
799 3405 830 3451 16
846 3401 955 3468 putem
966 3399 1089 3452 oonoidit
1099 3400 1139 3452 ed.
1146 3415 1190 3466 pr.

177 3489 203 3538 p.
219 3469 390 3539 inuidetAit
405 3476 436 3524 11
457 3473 486 3523 et
504 3488 554 3525 om.
570 3474 609 3526 ed.
621 3489 665 3539 pr.
682 3472 731 3539 ΑΙΙ
746 3476 780 3524 18
793 3488 820 3538 p.
836 3470 907 3523 bene
926 3469 1120 3539 Misereri
1139 3470 1165 3522 L
1184 3471 1192 3538 1

179 3546 211 3593 19
230 3540 316 3593 fueris
336 3541 392 3594 obt.
413 3543 452 3595 ed.
462 3559 507 3608 pr.
529 3543 584 3595 Pel.
605 3541 690 3595 fuerit
714 3541 769 3595 obt.
786 3544 813 3595 A
843 3545 846 3609 1
876 3557 927 3610 per
950 3557 990 3594 ae.
1011 3544 1040 3594 et
1058 3541 1102 3594 hie
1126 3559 1152 3593 n.
1168 3559 1191 3594 e.

176 3612 242 3664 ium.
259 3612 317 3663 ard.
333 3611 358 3664 si
376 3611 394 3663 f.
415 3612 472 3665 sole
491 3628 638 3679 percussus
658 3611 700 3664 vel
719 3612 820 3665 itinere
839 3614 866 3666 A
975 3631 978 3642 ·
