<?xml version="1.0" encoding="UTF-8"?>
<!DOCTYPE html PUBLIC "-//W3C//DTD XHTML 1.0 Transitional//EN"
    "http://www.w3.org/TR/xhtml1/DTD/xhtml1-transitional.dtd">
<html xmlns="http://www.w3.org/1999/xhtml" xml:lang="en" lang="en">
 <head>
  <title>
</title>
<meta http-equiv="Content-Type" content="text/html;charset=utf-8" />
  <meta name='ocr-system' content='tesseract 3.04.00' />
  <meta name='ocr-capabilities' content='ocr_page ocr_carea ocr_par ocr_line ocrx_word'/>
</head>
<body>
  <div class='ocr_page' id='page_1' title='image "./pvegetirenatidi02martgoog_0187.png"; bbox 0 0 2682 3920; ppageno 0'>
   <div class='ocr_carea' id='block_1_1' title="bbox 210 207 854 277">
    <p class='ocr_par' dir='ltr' id='par_1_1' title="bbox 210 207 854 277">
     <span class='ocr_line' id='line_1_1' title="bbox 210 207 854 277; baseline -0.019 0"><span class='ocrx_word' id='word_1_1' title='bbox 210 212 274 277; x_wconf 90' lang='grc'>140</span> <span class='ocrx_word' id='word_1_2' title='bbox 475 244 477 258; x_wconf 50' lang='grc' dir='ltr'><em>ι</em></span> <span class='ocrx_word' id='word_1_3' title='bbox 556 215 558 221; x_wconf 86' lang='grc'><strong>“</strong></span> <span class='ocrx_word' id='word_1_4' title='bbox 647 211 783 266; x_wconf 76' lang='lat' dir='ltr'>vacam</span> <span class='ocrx_word' id='word_1_5' title='bbox 852 207 854 214; x_wconf 89' lang='lat'>&#39;</span> 
     </span>
    </p>
   </div>
   <div class='ocr_carea' id='block_1_2' title="bbox 113 378 1334 1256">
    <p class='ocr_par' dir='ltr' id='par_1_2' title="bbox 113 378 1334 1256">
     <span class='ocr_line' id='line_1_2' title="bbox 208 378 1225 441; baseline -0.001 -1"><span class='ocrx_word' id='word_1_6' title='bbox 208 382 305 440; x_wconf 71' lang='lat' dir='ltr'>uices.</span> <span class='ocrx_word' id='word_1_7' title='bbox 340 378 510 440; x_wconf 88' lang='lat' dir='ltr'>Iumentum</span> <span class='ocrx_word' id='word_1_8' title='bbox 533 384 635 441; x_wconf 86' lang='lat' dir='ltr'>autem</span> <span class='ocrx_word' id='word_1_9' title='bbox 664 382 697 439; x_wconf 91' lang='lat' dir='ltr'>in</span> <span class='ocrx_word' id='word_1_10' title='bbox 725 383 857 440; x_wconf 81' lang='lat' dir='ltr'>canterio</span> <span class='ocrx_word' id='word_1_11' title='bbox 884 381 931 440; x_wconf 86' lang='lat' dir='ltr'>vel</span> <span class='ocrx_word' id='word_1_12' title='bbox 954 381 985 438; x_wconf 91' lang='lat' dir='ltr'>in</span> <span class='ocrx_word' id='word_1_13' title='bbox 1008 381 1096 440; x_wconf 89' lang='lat' dir='ltr'>scalis</span> <span class='ocrx_word' id='word_1_14' title='bbox 1124 380 1172 440; x_wconf 84' lang='lat' dir='ltr'>vel</span> <span class='ocrx_word' id='word_1_15' title='bbox 1192 383 1225 440; x_wconf 91' lang='lat' dir='ltr'>in</span> 
     </span>
     <span class='ocr_line' id='line_1_3' title="bbox 209 461 1334 546; baseline -0.001 -17"><span class='ocrx_word' id='word_1_16' title='bbox 209 488 351 546; x_wconf 86' lang='lat' dir='ltr'>suspenso</span> <span class='ocrx_word' id='word_1_17' title='bbox 388 471 499 545; x_wconf 85' lang='lat' dir='ltr'>locato,</span> <span class='ocrx_word' id='word_1_18' title='bbox 534 489 571 528; x_wconf 92' lang='lat' dir='ltr'>ne</span> <span class='ocrx_word' id='word_1_19' title='bbox 591 471 765 529; x_wconf 71' lang='lat' dir='ltr'>‘fracturam</span> <span class='ocrx_word' id='word_1_20' title='bbox 800 470 847 530; x_wconf 90' lang='lat' dir='ltr'>vel</span> <span class='ocrx_word' id='word_1_21' title='bbox 884 470 991 528; x_wconf 87' lang='lat' dir='ltr'>leviter</span> <span class='ocrx_word' id='word_1_22' title='bbox 1026 473 1225 544; x_wconf 82' lang='lat' dir='ltr'>commoveat3</span> <span class='ocrx_word' id='word_1_23' title='bbox 1325 461 1334 476; x_wconf 80' lang='lat'>&#39;</span> 
     </span>
     <span class='ocr_line' id='line_1_4' title="bbox 209 557 1225 634; baseline -0.002 -16"><span class='ocrx_word' id='word_1_24' title='bbox 209 561 257 618; x_wconf 86' lang='lat' dir='ltr'>cui</span> <span class='ocrx_word' id='word_1_25' title='bbox 276 559 383 618; x_wconf 80' lang='lat' dir='ltr'><strong>cotidie</strong></span> <span class='ocrx_word' id='word_1_26' title='bbox 396 578 484 617; x_wconf 86' lang='lat' dir='ltr'>mane</span> <span class='ocrx_word' id='word_1_27' title='bbox 503 561 534 617; x_wconf 89' lang='lat' dir='ltr'>et</span> <span class='ocrx_word' id='word_1_28' title='bbox 552 559 591 617; x_wconf 89' lang='lat' dir='ltr'>ad</span> <span class='ocrx_word' id='word_1_29' title='bbox 608 578 765 634; x_wconf 83' lang='lat' dir='ltr'>vesperam</span> <span class='ocrx_word' id='word_1_30' title='bbox 780 557 939 633; x_wconf 85' lang='lat' dir='ltr'>suffundes,</span> <span class='ocrx_word' id='word_1_31' title='bbox 952 558 1042 618; x_wconf 83' lang='lat' dir='ltr'>tertio</span> <span class='ocrx_word' id='word_1_32' title='bbox 1061 559 1109 616; x_wconf 88' lang='lat' dir='ltr'>die</span> <span class='ocrx_word' id='word_1_33' title='bbox 1128 558 1225 618; x_wconf 89' lang='lat' dir='ltr'>solves</span> 
     </span>
     <span class='ocr_line' id='line_1_5' title="bbox 209 635 1226 725; baseline 0 -19"><span class='ocrx_word' id='word_1_34' title='bbox 209 651 240 706; x_wconf 92' lang='lat' dir='ltr'>et</span> <span class='ocrx_word' id='word_1_35' title='bbox 262 649 380 725; x_wconf 82' lang='lat' dir='ltr'>expleta</span> <span class='ocrx_word' id='word_1_36' title='bbox 403 635 555 707; x_wconf 81' lang='lat' dir='ltr'>curatione</span> <span class='ocrx_word' id='word_1_37' title='bbox 578 647 694 725; x_wconf 75' lang='lat' dir='ltr'>ligabis.</span> <span class='ocrx_word' id='word_1_38' title='bbox 736 646 847 716; x_wconf 84' lang='lat' dir='ltr'>Quinto</span> <span class='ocrx_word' id='word_1_39' title='bbox 870 666 996 724; x_wconf 90' lang='lat' dir='ltr'>quoque,</span> <span class='ocrx_word' id='word_1_40' title='bbox 1021 649 1148 723; x_wconf 87' lang='lat' dir='ltr'>septimo</span> <span class='ocrx_word' id='word_1_41' title='bbox 1171 650 1226 706; x_wconf 85' lang='lat' dir='ltr'>aut</span> 
     </span>
     <span class='ocr_line' id='line_1_6' title="bbox 174 735 1253 812; baseline -0.002 -16"><span class='ocrx_word' id='word_1_42' title='bbox 174 738 286 796; x_wconf 89' lang='lat' dir='ltr'>3n0no</span> <span class='ocrx_word' id='word_1_43' title='bbox 310 737 358 795; x_wconf 89' lang='lat' dir='ltr'>die</span> <span class='ocrx_word' id='word_1_44' title='bbox 381 736 486 795; x_wconf 90' lang='lat' dir='ltr'>eadem</span> <span class='ocrx_word' id='word_1_45' title='bbox 508 737 613 810; x_wconf 89' lang='lat' dir='ltr'>facies,</span> <span class='ocrx_word' id='word_1_46' title='bbox 636 735 729 796; x_wconf 88' lang='lat' dir='ltr'>donec</span> <span class='ocrx_word' id='word_1_47' title='bbox 753 755 859 812; x_wconf 89' lang='lat' dir='ltr'>corpus</span> <span class='ocrx_word' id='word_1_48' title='bbox 881 736 1011 796; x_wconf 91' lang='lat' dir='ltr'>inducat.</span> <span class='ocrx_word' id='word_1_49' title='bbox 1057 735 1129 794; x_wconf 86' lang='lat' dir='ltr'>Post</span> <span class='ocrx_word' id='word_1_50' title='bbox 1150 735 1253 794; x_wconf 71' lang='lat' dir='ltr'>haece</span> 
     </span>
     <span class='ocr_line' id='line_1_7' title="bbox 209 823 1226 898; baseline -0.002 -15"><span class='ocrx_word' id='word_1_51' title='bbox 209 825 318 885; x_wconf 79' lang='lat' dir='ltr'>adicies</span> <span class='ocrx_word' id='word_1_52' title='bbox 332 844 466 886; x_wconf 87' lang='lat' dir='ltr'>muscum</span> <span class='ocrx_word' id='word_1_53' title='bbox 484 825 520 884; x_wconf 88' lang='lat' dir='ltr'>de</span> <span class='ocrx_word' id='word_1_54' title='bbox 534 826 624 884; x_wconf 82' lang='lat' dir='ltr'>vitice</span> <span class='ocrx_word' id='word_1_55' title='bbox 639 828 692 883; x_wconf 89' lang='lat' dir='ltr'>aut</span> <span class='ocrx_word' id='word_1_56' title='bbox 706 826 806 884; x_wconf 85' lang='lat' dir='ltr'>salicis</span> <span class='ocrx_word' id='word_1_57' title='bbox 818 823 950 884; x_wconf 88' lang='lat' dir='ltr'>radicem</span> <span class='ocrx_word' id='word_1_58' title='bbox 968 828 999 884; x_wconf 88' lang='lat' dir='ltr'>et</span> <span class='ocrx_word' id='word_1_59' title='bbox 1012 844 1070 884; x_wconf 88' lang='lat' dir='ltr'>ova</span> <span class='ocrx_word' id='word_1_60' title='bbox 1083 824 1175 883; x_wconf 84' lang='lat' dir='ltr'>cruda</span> <span class='ocrx_word' id='word_1_61' title='bbox 1188 824 1226 898; x_wconf 89' lang='lat' dir='ltr'>V,</span> 
     </span>
     <span class='ocr_line' id='line_1_8' title="bbox 208 913 1226 992; baseline -0.003 -19"><span class='ocrx_word' id='word_1_62' title='bbox 208 934 312 973; x_wconf 84' lang='lat' dir='ltr'>verum</span> <span class='ocrx_word' id='word_1_63' title='bbox 335 933 395 974; x_wconf 90' lang='lat' dir='ltr'>non</span> <span class='ocrx_word' id='word_1_64' title='bbox 417 915 530 992; x_wconf 67' lang='lat' dir='ltr'>regidis</span> <span class='ocrx_word' id='word_1_65' title='bbox 558 917 593 972; x_wconf 85' lang='lat' dir='ltr'>ut</span> <span class='ocrx_word' id='word_1_66' title='bbox 621 916 706 990; x_wconf 86' lang='lat' dir='ltr'>prius</span> <span class='ocrx_word' id='word_1_67' title='bbox 734 913 786 973; x_wconf 90' lang='lat' dir='ltr'>sed</span> <span class='ocrx_word' id='word_1_68' title='bbox 816 913 1009 974; x_wconf 84' lang='lat' dir='ltr'>cirumductis</span> <span class='ocrx_word' id='word_1_69' title='bbox 1032 913 1135 972; x_wconf 79' lang='lat' dir='ltr'>ferulis</span> <span class='ocrx_word' id='word_1_70' title='bbox 1159 914 1226 972; x_wconf 80' lang='lat' dir='ltr'>alli-</span> 
     </span>
     <span class='ocr_line' id='line_1_9' title="bbox 113 1002 1227 1080; baseline -0.002 -18"><span class='ocrx_word' id='word_1_71' title='bbox 113 1007 114 1012; x_wconf 75' lang='grc'>’</span> <span class='ocrx_word' id='word_1_72' title='bbox 208 1003 301 1080; x_wconf 90' lang='lat' dir='ltr'>gabis.</span> <span class='ocrx_word' id='word_1_73' title='bbox 356 1002 413 1060; x_wconf 89' lang='lat' dir='ltr'>Die</span> <span class='ocrx_word' id='word_1_74' title='bbox 445 1003 536 1070; x_wconf 86' lang='lat' dir='ltr'>tertio</span> <span class='ocrx_word' id='word_1_75' title='bbox 573 1003 670 1062; x_wconf 83' lang='lat' dir='ltr'>solves</span> <span class='ocrx_word' id='word_1_76' title='bbox 705 1005 736 1061; x_wconf 85' lang='lat' dir='ltr'>et</span> <span class='ocrx_word' id='word_1_77' title='bbox 771 1003 964 1077; x_wconf 87' lang='lat' dir='ltr'>fomentabis,</span> <span class='ocrx_word' id='word_1_78' title='bbox 996 1002 1032 1060; x_wconf 88' lang='lat' dir='ltr'>de</span> <span class='ocrx_word' id='word_1_79' title='bbox 1064 1003 1163 1061; x_wconf 86' lang='lat' dir='ltr'>resina</span> <span class='ocrx_word' id='word_1_80' title='bbox 1195 1004 1227 1060; x_wconf 89' lang='lat' dir='ltr'>et</span> 
     </span>
     <span class='ocr_line' id='line_1_10' title="bbox 209 1085 1225 1170; baseline 0 -22"><span class='ocrx_word' id='word_1_81' title='bbox 209 1092 339 1168; x_wconf 78' lang='lat' dir='ltr'>axungia</span> <span class='ocrx_word' id='word_1_82' title='bbox 357 1109 518 1168; x_wconf 84' lang='lat' dir='ltr'>perunges:</span> <span class='ocrx_word' id='word_1_83' title='bbox 537 1092 589 1150; x_wconf 88' lang='lat' dir='ltr'>ubi</span> <span class='ocrx_word' id='word_1_84' title='bbox 608 1110 679 1150; x_wconf 85' lang='lat' dir='ltr'>cura</span> <span class='ocrx_word' id='word_1_85' title='bbox 697 1092 866 1168; x_wconf 81' lang='lat' dir='ltr'>profecerit,</span> <span class='ocrx_word' id='word_1_86' title='bbox 885 1092 1036 1170; x_wconf 76' lang='lat' dir='ltr'>malagma</span> <span class='ocrx_word' id='word_1_87' title='bbox 1049 1091 1098 1150; x_wconf 83' lang='lat' dir='ltr'>vel</span> <span class='ocrx_word' id='word_1_88' title='bbox 1116 1085 1225 1149; x_wconf 87' lang='lat' dir='ltr'>causti·</span> 
     </span>
     <span class='ocr_line' id='line_1_11' title="bbox 210 1179 1268 1256; baseline -0.001 -18"><span class='ocrx_word' id='word_1_89' title='bbox 210 1199 277 1238; x_wconf 90' lang='lat' dir='ltr'>cum</span> <span class='ocrx_word' id='word_1_90' title='bbox 299 1179 429 1254; x_wconf 89' lang='lat' dir='ltr'>inducis,</span> <span class='ocrx_word' id='word_1_91' title='bbox 456 1199 516 1238; x_wconf 90' lang='lat' dir='ltr'>non</span> <span class='ocrx_word' id='word_1_92' title='bbox 544 1183 613 1238; x_wconf 87' lang='lat' dir='ltr'>ante</span> <span class='ocrx_word' id='word_1_93' title='bbox 641 1183 743 1239; x_wconf 85' lang='lat' dir='ltr'>tamen</span> <span class='ocrx_word' id='word_1_94' title='bbox 770 1181 920 1256; x_wconf 73' lang='lat' dir='ltr'>permittis</span> <span class='ocrx_word' id='word_1_95' title='bbox 949 1183 1027 1238; x_wconf 87' lang='lat' dir='ltr'>stare</span> <span class='ocrx_word' id='word_1_96' title='bbox 1049 1181 1225 1254; x_wconf 86' lang='lat' dir='ltr'>iumentum,</span> <span class='ocrx_word' id='word_1_97' title='bbox 1241 1200 1268 1237; x_wconf 88' lang='lat'>10</span> 
     </span>
    </p>
   </div>
   <div class='ocr_carea' id='block_1_3' title="bbox 208 1268 1226 1418">
    <p class='ocr_par' dir='ltr' id='par_1_3' title="bbox 208 1268 1226 1418">
     <span class='ocr_line' id='line_1_12' title="bbox 208 1268 1226 1346; baseline -0.001 -20"><span class='ocrx_word' id='word_1_98' title='bbox 208 1287 299 1344; x_wconf 89' lang='lat' dir='ltr'>quam</span> <span class='ocrx_word' id='word_1_99' title='bbox 322 1268 385 1328; x_wconf 90' lang='lat' dir='ltr'>dies</span> <span class='ocrx_word' id='word_1_100' title='bbox 408 1268 461 1327; x_wconf 89' lang='lat' dir='ltr'>XL</span> <span class='ocrx_word' id='word_1_101' title='bbox 484 1272 682 1346; x_wconf 85' lang='lat' dir='ltr'>praetereant</span> <span class='ocrx_word' id='word_1_102' title='bbox 723 1269 788 1328; x_wconf 91' lang='lat' dir='ltr'>Hoc</span> <span class='ocrx_word' id='word_1_103' title='bbox 816 1272 917 1328; x_wconf 88' lang='lat' dir='ltr'>autem</span> <span class='ocrx_word' id='word_1_104' title='bbox 940 1273 1058 1344; x_wconf 88' lang='lat' dir='ltr'>tempus</span> <span class='ocrx_word' id='word_1_105' title='bbox 1085 1272 1144 1344; x_wconf 89' lang='lat' dir='ltr'>est,</span> <span class='ocrx_word' id='word_1_106' title='bbox 1167 1287 1226 1343; x_wconf 91' lang='lat' dir='ltr'>quo</span> 
     </span>
     <span class='ocr_line' id='line_1_13' title="bbox 210 1357 1070 1418; baseline 0.001 -3"><span class='ocrx_word' id='word_1_107' title='bbox 210 1357 327 1418; x_wconf 84' lang='lat' dir='ltr'>divulsa</span> <span class='ocrx_word' id='word_1_108' title='bbox 351 1357 399 1417; x_wconf 86' lang='lat' dir='ltr'>vel</span> <span class='ocrx_word' id='word_1_109' title='bbox 421 1358 518 1416; x_wconf 89' lang='lat' dir='ltr'>fracta</span> <span class='ocrx_word' id='word_1_110' title='bbox 541 1358 716 1418; x_wconf 87' lang='lat' dir='ltr'>solidantur.</span> <span class='ocrx_word' id='word_1_111' title='bbox 1069 1382 1070 1386; x_wconf 44' lang='lat'>¹</span> 
     </span>
    </p>
   </div>
   <div class='ocr_carea' id='block_1_4' title="bbox 249 1537 1185 1646">
    <p class='ocr_par' dir='ltr' id='par_1_4' title="bbox 249 1537 1185 1646">
     <span class='ocr_line' id='line_1_14' title="bbox 249 1537 1185 1646; baseline 0 -18"><span class='ocrx_word' id='word_1_112' title='bbox 249 1564 416 1630; x_wconf 87' lang='lat' dir='ltr'><strong><em>XLVIII.</em></strong></span> <span class='ocrx_word' id='word_1_113' title='bbox 439 1565 490 1630; x_wconf 89' lang='lat' dir='ltr'>De</span> <span class='ocrx_word' id='word_1_114' title='bbox 511 1565 659 1646; x_wconf 72' lang='lat' dir='ltr'>flegmoae</span> <span class='ocrx_word' id='word_1_115' title='bbox 681 1571 710 1629; x_wconf 83' lang='lat' dir='ltr'>et</span> <span class='ocrx_word' id='word_1_116' title='bbox 730 1585 885 1629; x_wconf 80' lang='lat' dir='ltr'>marmore</span> <span class='ocrx_word' id='word_1_117' title='bbox 906 1566 970 1628; x_wconf 72' lang='lat' dir='ltr'>sice</span> <span class='ocrx_word' id='word_1_118' title='bbox 992 1537 1185 1629; x_wconf 80' lang='lat' dir='ltr'>mollombus.</span> 
     </span>
    </p>
   </div>
   <div class='ocr_carea' id='block_1_5' title="bbox 116 1693 1334 2481">
    <p class='ocr_par' dir='ltr' id='par_1_5' title="bbox 116 1693 1334 2214">
     <span class='ocr_line' id='line_1_15' title="bbox 116 1693 1227 1773; baseline 0.007 -29"><span class='ocrx_word' id='word_1_119' title='bbox 116 1705 262 1745; x_wconf 70' lang='lat' dir='ltr'>rameseia.</span> <span class='ocrx_word' id='word_1_120' title='bbox 307 1693 486 1770; x_wconf 88' lang='lat' dir='ltr'>Plerumque</span> <span class='ocrx_word' id='word_1_121' title='bbox 505 1695 538 1751; x_wconf 90' lang='lat' dir='ltr'>in</span> <span class='ocrx_word' id='word_1_122' title='bbox 556 1693 680 1770; x_wconf 89' lang='lat' dir='ltr'>genibus</span> <span class='ocrx_word' id='word_1_123' title='bbox 694 1694 742 1753; x_wconf 84' lang='lat' dir='ltr'>vel</span> <span class='ocrx_word' id='word_1_124' title='bbox 761 1694 895 1753; x_wconf 79' lang='lat' dir='ltr'>articulis</span> <span class='ocrx_word' id='word_1_125' title='bbox 914 1698 967 1753; x_wconf 88' lang='lat' dir='ltr'>aut</span> <span class='ocrx_word' id='word_1_126' title='bbox 985 1694 1113 1773; x_wconf 81' lang='lat' dir='ltr'>flegmon</span> <span class='ocrx_word' id='word_1_127' title='bbox 1131 1695 1227 1752; x_wconf 85' lang='lat' dir='ltr'>oritur</span> 
     </span>
     <span class='ocr_line' id='line_1_16' title="bbox 210 1775 1334 1850; baseline -0.005 -9"><span class='ocrx_word' id='word_1_128' title='bbox 210 1783 263 1841; x_wconf 90' lang='lat' dir='ltr'>aut</span> <span class='ocrx_word' id='word_1_129' title='bbox 285 1801 434 1842; x_wconf 86' lang='lat' dir='ltr'>marmora</span> <span class='ocrx_word' id='word_1_130' title='bbox 458 1785 511 1841; x_wconf 87' lang='lat' dir='ltr'>aut</span> <span class='ocrx_word' id='word_1_131' title='bbox 532 1783 684 1841; x_wconf 85' lang='lat' dir='ltr'>mallones.</span> <span class='ocrx_word' id='word_1_132' title='bbox 732 1781 812 1850; x_wconf 85' lang='lat' dir='ltr'>Quae</span> <span class='ocrx_word' id='word_1_133' title='bbox 836 1784 912 1841; x_wconf 86' lang='lat' dir='ltr'>vitia</span> <span class='ocrx_word' id='word_1_134' title='bbox 935 1802 970 1841; x_wconf 85' lang='lat' dir='ltr'>ex</span> <span class='ocrx_word' id='word_1_135' title='bbox 996 1775 1077 1841; x_wconf 90' lang='lat' dir='ltr'>malo</span> <span class='ocrx_word' id='word_1_136' title='bbox 1100 1775 1223 1843; x_wconf 86' lang='lat' dir='ltr'>humore</span> <span class='ocrx_word' id='word_1_137' title='bbox 1239 1800 1266 1840; x_wconf 87' lang='lat'>15</span> <span class='ocrx_word' id='word_1_138' title='bbox 1331 1821 1334 1835; x_wconf 41' lang='lat'><strong>⁴</strong></span> 
     </span>
     <span class='ocr_line' id='line_1_17' title="bbox 209 1871 1225 1947; baseline 0 -19"><span class='ocrx_word' id='word_1_139' title='bbox 209 1873 389 1947; x_wconf 87' lang='lat' dir='ltr'>generantur</span> <span class='ocrx_word' id='word_1_140' title='bbox 417 1873 448 1929; x_wconf 88' lang='lat' dir='ltr'>et</span> <span class='ocrx_word' id='word_1_141' title='bbox 474 1873 643 1947; x_wconf 89' lang='lat' dir='ltr'>passionem</span> <span class='ocrx_word' id='word_1_142' title='bbox 667 1889 734 1930; x_wconf 89' lang='lat' dir='ltr'>oum</span> <span class='ocrx_word' id='word_1_143' title='bbox 761 1871 951 1932; x_wconf 80' lang='lat' dir='ltr'>deformitate</span> <span class='ocrx_word' id='word_1_144' title='bbox 978 1873 1104 1931; x_wconf 87' lang='lat' dir='ltr'>tumoris</span> <span class='ocrx_word' id='word_1_145' title='bbox 1128 1873 1225 1930; x_wconf 86' lang='lat' dir='ltr'>osten·</span> 
     </span>
     <span class='ocr_line' id='line_1_18' title="bbox 209 1959 1227 2039; baseline 0.001 -23"><span class='ocrx_word' id='word_1_146' title='bbox 209 1959 297 2018; x_wconf 89' lang='lat' dir='ltr'>dunt:</span> <span class='ocrx_word' id='word_1_147' title='bbox 332 1959 383 2018; x_wconf 92' lang='lat' dir='ltr'>sed</span> <span class='ocrx_word' id='word_1_148' title='bbox 416 1961 477 2018; x_wconf 93' lang='lat' dir='ltr'>ista</span> <span class='ocrx_word' id='word_1_149' title='bbox 514 1959 658 2018; x_wconf 86' lang='lat' dir='ltr'>distantia</span> <span class='ocrx_word' id='word_1_150' title='bbox 695 1962 752 2036; x_wconf 90' lang='lat' dir='ltr'>est,</span> <span class='ocrx_word' id='word_1_151' title='bbox 785 1960 865 2035; x_wconf 91' lang='lat' dir='ltr'>quod</span> <span class='ocrx_word' id='word_1_152' title='bbox 899 1959 1027 2039; x_wconf 82' lang='lat' dir='ltr'>flegmon</span> <span class='ocrx_word' id='word_1_153' title='bbox 1059 1959 1146 2018; x_wconf 88' lang='lat' dir='ltr'>tuber</span> <span class='ocrx_word' id='word_1_154' title='bbox 1181 1961 1227 2019; x_wconf 87' lang='lat' dir='ltr'>est</span> 
     </span>
     <span class='ocr_line' id='line_1_19' title="bbox 209 2047 1227 2125; baseline 0 -19"><span class='ocrx_word' id='word_1_155' title='bbox 209 2048 308 2124; x_wconf 87' lang='lat' dir='ltr'>molle,</span> <span class='ocrx_word' id='word_1_156' title='bbox 330 2067 461 2108; x_wconf 80' lang='lat' dir='ltr'>marmor</span> <span class='ocrx_word' id='word_1_157' title='bbox 474 2048 617 2107; x_wconf 85' lang='lat' dir='ltr'>duritiam</span> <span class='ocrx_word' id='word_1_158' title='bbox 635 2048 766 2108; x_wconf 86' lang='lat' dir='ltr'>ostendit</span> <span class='ocrx_word' id='word_1_159' title='bbox 784 2067 818 2107; x_wconf 83' lang='lat' dir='ltr'>ex</span> <span class='ocrx_word' id='word_1_160' title='bbox 833 2050 961 2125; x_wconf 91' lang='lat' dir='ltr'>nomine,</span> <span class='ocrx_word' id='word_1_161' title='bbox 980 2050 1071 2108; x_wconf 88' lang='lat' dir='ltr'>mallo</span> <span class='ocrx_word' id='word_1_162' title='bbox 1089 2047 1227 2107; x_wconf 88' lang='lat' dir='ltr'>inflatum</span> 
     </span>
     <span class='ocr_line' id='line_1_20' title="bbox 208 2136 1224 2214; baseline 0.001 -19"><span class='ocrx_word' id='word_1_163' title='bbox 208 2137 296 2196; x_wconf 86' lang='lat' dir='ltr'>tuber</span> <span class='ocrx_word' id='word_1_164' title='bbox 319 2141 364 2196; x_wconf 88' lang='lat' dir='ltr'>est</span> <span class='ocrx_word' id='word_1_165' title='bbox 392 2139 455 2196; x_wconf 87' lang='lat' dir='ltr'>sine</span> <span class='ocrx_word' id='word_1_166' title='bbox 485 2137 594 2198; x_wconf 90' lang='lat' dir='ltr'>dolore.</span> <span class='ocrx_word' id='word_1_167' title='bbox 641 2136 753 2206; x_wconf 83' lang='lat' dir='ltr'>Quibus</span> <span class='ocrx_word' id='word_1_168' title='bbox 782 2137 950 2198; x_wconf 89' lang='lat' dir='ltr'>recentibus</span> <span class='ocrx_word' id='word_1_169' title='bbox 980 2140 1080 2214; x_wconf 86' lang='lat' dir='ltr'>potest</span> <span class='ocrx_word' id='word_1_170' title='bbox 1106 2137 1224 2196; x_wconf 84' lang='lat' dir='ltr'>facilius</span> 
     </span>
    </p>

    <p class='ocr_par' dir='ltr' id='par_1_6' title="bbox 165 2226 1266 2288">
     <span class='ocr_line' id='line_1_21' title="bbox 165 2226 1266 2288; baseline 0.002 -5"><span class='ocrx_word' id='word_1_171' title='bbox 165 2228 193 2283; x_wconf 54' lang='lat'>‘2</span> <span class='ocrx_word' id='word_1_172' title='bbox 210 2226 368 2286; x_wconf 87' lang='lat' dir='ltr'>subveniri.</span> <span class='ocrx_word' id='word_1_173' title='bbox 419 2226 519 2285; x_wconf 85' lang='lat' dir='ltr'>Primo</span> <span class='ocrx_word' id='word_1_174' title='bbox 548 2227 650 2286; x_wconf 85' lang='lat' dir='ltr'>lanam</span> <span class='ocrx_word' id='word_1_175' title='bbox 679 2226 813 2285; x_wconf 74' lang='lat' dir='ltr'>sucidam</span> <span class='ocrx_word' id='word_1_176' title='bbox 843 2245 877 2284; x_wconf 83' lang='lat' dir='ltr'>ex</span> <span class='ocrx_word' id='word_1_177' title='bbox 910 2227 977 2286; x_wconf 91' lang='lat' dir='ltr'>oleo</span> <span class='ocrx_word' id='word_1_178' title='bbox 1006 2229 1036 2288; x_wconf 87' lang='lat' dir='ltr'>et</span> <span class='ocrx_word' id='word_1_179' title='bbox 1066 2229 1149 2285; x_wconf 85' lang='lat' dir='ltr'>aceto</span> <span class='ocrx_word' id='word_1_180' title='bbox 1179 2229 1224 2284; x_wconf 91' lang='lat' dir='ltr'>in·</span> <span class='ocrx_word' id='word_1_181' title='bbox 1239 2246 1266 2285; x_wconf 84' lang='lat' dir='ltr'>ao</span> 
     </span>
    </p>

    <p class='ocr_par' dir='ltr' id='par_1_7' title="bbox 209 2313 1226 2481">
     <span class='ocr_line' id='line_1_22' title="bbox 210 2313 1225 2393; baseline 0.001 -21"><span class='ocrx_word' id='word_1_182' title='bbox 210 2315 312 2390; x_wconf 91' lang='lat' dir='ltr'>duces,</span> <span class='ocrx_word' id='word_1_183' title='bbox 339 2319 443 2374; x_wconf 90' lang='lat' dir='ltr'>contra</span> <span class='ocrx_word' id='word_1_184' title='bbox 466 2334 576 2392; x_wconf 89' lang='lat' dir='ltr'>aquam</span> <span class='ocrx_word' id='word_1_185' title='bbox 602 2313 744 2393; x_wconf 83' lang='lat' dir='ltr'>frigidam</span> <span class='ocrx_word' id='word_1_186' title='bbox 775 2319 805 2374; x_wconf 92' lang='lat' dir='ltr'>et</span> <span class='ocrx_word' id='word_1_187' title='bbox 828 2319 995 2375; x_wconf 87' lang='lat' dir='ltr'>currentem</span> <span class='ocrx_word' id='word_1_188' title='bbox 1023 2316 1134 2374; x_wconf 85' lang='lat' dir='ltr'>animal</span> <span class='ocrx_word' id='word_1_189' title='bbox 1158 2333 1225 2374; x_wconf 90' lang='lat' dir='ltr'>oon-</span> 
     </span>
     <span class='ocr_line' id='line_1_23' title="bbox 209 2403 1226 2481; baseline 0.002 -21"><span class='ocrx_word' id='word_1_190' title='bbox 209 2405 328 2478; x_wconf 85' lang='lat' dir='ltr'>stitues;</span> <span class='ocrx_word' id='word_1_191' title='bbox 355 2407 425 2479; x_wconf 86' lang='lat' dir='ltr'>post</span> <span class='ocrx_word' id='word_1_192' title='bbox 451 2405 514 2463; x_wconf 88' lang='lat' dir='ltr'>sine</span> <span class='ocrx_word' id='word_1_193' title='bbox 541 2405 621 2462; x_wconf 86' lang='lat' dir='ltr'>ferro</span> <span class='ocrx_word' id='word_1_194' title='bbox 650 2405 706 2462; x_wconf 87' lang='lat' dir='ltr'>hac</span> <span class='ocrx_word' id='word_1_195' title='bbox 732 2407 849 2464; x_wconf 86' lang='lat' dir='ltr'>ratione</span> <span class='ocrx_word' id='word_1_196' title='bbox 877 2405 1002 2464; x_wconf 88' lang='lat' dir='ltr'>curabis.</span> <span class='ocrx_word' id='word_1_197' title='bbox 1050 2403 1169 2481; x_wconf 81' lang='lat' dir='ltr'>Sinopis</span> <span class='ocrx_word' id='word_1_198' title='bbox 1196 2406 1226 2461; x_wconf 87' lang='lat' dir='ltr'>ct</span> 
     </span>
    </p>
   </div>
   <div class='ocr_carea' id='block_1_6' title="bbox 281 2606 1102 2663">
    <p class='ocr_par' dir='ltr' id='par_1_8' title="bbox 281 2606 1102 2663">
     <span class='ocr_line' id='line_1_24' title="bbox 281 2606 1102 2663; baseline 0.001 -3"><span class='ocrx_word' id='word_1_199' title='bbox 281 2613 297 2660; x_wconf 82' lang='lat'><strong>5</strong></span> <span class='ocrx_word' id='word_1_200' title='bbox 317 2606 351 2660; x_wconf 85' lang='lat' dir='ltr'>cf.</span> <span class='ocrx_word' id='word_1_201' title='bbox 367 2607 439 2660; x_wconf 87' lang='lat' dir='ltr'>Chir.</span> <span class='ocrx_word' id='word_1_202' title='bbox 455 2624 477 2662; x_wconf 89' lang='lat' dir='ltr'>c.</span> <span class='ocrx_word' id='word_1_203' title='bbox 493 2612 554 2662; x_wconf 77' lang='lat'>587.</span> <span class='ocrx_word' id='word_1_204' title='bbox 627 2614 661 2661; x_wconf 75' lang='lat'>22</span> <span class='ocrx_word' id='word_1_205' title='bbox 679 2607 737 2662; x_wconf 91' lang='lat' dir='ltr'>Pel.</span> <span class='ocrx_word' id='word_1_206' title='bbox 754 2625 776 2662; x_wconf 89' lang='lat' dir='ltr'>c.</span> <span class='ocrx_word' id='word_1_207' title='bbox 793 2613 845 2661; x_wconf 81' lang='lat'>200</span> <span class='ocrx_word' id='word_1_208' title='bbox 864 2607 899 2661; x_wconf 90' lang='lat' dir='ltr'>cf.</span> <span class='ocrx_word' id='word_1_209' title='bbox 915 2607 988 2662; x_wconf 81' lang='lat' dir='ltr'>Chir.</span> <span class='ocrx_word' id='word_1_210' title='bbox 1004 2625 1027 2663; x_wconf 89' lang='lat' dir='ltr'>c.</span> <span class='ocrx_word' id='word_1_211' title='bbox 1042 2613 1102 2661; x_wconf 75' lang='lat'><strong>608.</strong></span> 
     </span>
    </p>
   </div>
   <div class='ocr_carea' id='block_1_7' title="bbox 208 2801 1334 3654">
    <p class='ocr_par' dir='ltr' id='par_1_9' title="bbox 208 2801 1334 3369">
     <span class='ocr_line' id='line_1_25' title="bbox 282 2801 1228 2872; baseline 0.004 -19"><span class='ocrx_word' id='word_1_212' title='bbox 282 2801 348 2854; x_wconf 88' lang='lat' dir='ltr'>lin</span> <span class='ocrx_word' id='word_1_213' title='bbox 366 2802 492 2856; x_wconf 85' lang='lat' dir='ltr'>conatrio</span> <span class='ocrx_word' id='word_1_214' title='bbox 512 2805 540 2857; x_wconf 97' lang='lat' dir='ltr'><strong><em>A</em></strong></span> <span class='ocrx_word' id='word_1_215' title='bbox 559 2803 684 2857; x_wconf 89' lang='lat' dir='ltr'>cauterio</span> <span class='ocrx_word' id='word_1_216' title='bbox 703 2804 742 2857; x_wconf 89' lang='lat' dir='ltr'>ed.</span> <span class='ocrx_word' id='word_1_217' title='bbox 754 2821 799 2872; x_wconf 78' lang='lat' dir='ltr'>pr.</span> <span class='ocrx_word' id='word_1_218' title='bbox 829 2805 838 2872; x_wconf 93' lang='grc'>11</span> <span class='ocrx_word' id='word_1_219' title='bbox 870 2805 956 2857; x_wconf 63' lang='lat' dir='ltr'>aaut</span> <span class='ocrx_word' id='word_1_220' title='bbox 973 2801 1004 2857; x_wconf 90' lang='lat' dir='ltr'>in</span> <span class='ocrx_word' id='word_1_221' title='bbox 1023 2820 1043 2856; x_wconf 86' lang='lat' dir='ltr'>e.</span> <span class='ocrx_word' id='word_1_222' title='bbox 1062 2802 1126 2856; x_wconf 88' lang='lat' dir='ltr'>loco</span> <span class='ocrx_word' id='word_1_223' title='bbox 1145 2802 1182 2855; x_wconf 86' lang='lat' dir='ltr'>eit</span> <span class='ocrx_word' id='word_1_224' title='bbox 1200 2804 1228 2857; x_wconf 93' lang='lat' dir='ltr'><em>P</em></span> 
     </span>
     <span class='ocr_line' id='line_1_26' title="bbox 209 2871 1226 2943; baseline 0.002 -19"><span class='ocrx_word' id='word_1_225' title='bbox 209 2871 254 2926; x_wconf 92' lang='lat' dir='ltr'>vel</span> <span class='ocrx_word' id='word_1_226' title='bbox 272 2872 302 2925; x_wconf 90' lang='lat' dir='ltr'>in</span> <span class='ocrx_word' id='word_1_227' title='bbox 321 2890 342 2926; x_wconf 85' lang='lat' dir='ltr'>s.</span> <span class='ocrx_word' id='word_1_228' title='bbox 356 2872 419 2927; x_wconf 90' lang='lat' dir='ltr'>loco</span> <span class='ocrx_word' id='word_1_229' title='bbox 433 2875 473 2928; x_wconf 86' lang='lat' dir='ltr'>ed.</span> <span class='ocrx_word' id='word_1_230' title='bbox 484 2891 530 2943; x_wconf 75' lang='lat' dir='ltr'>pr.</span> <span class='ocrx_word' id='word_1_231' title='bbox 545 2875 573 2927; x_wconf 98' lang='lat' dir='ltr'><strong><em>A</em></strong></span> <span class='ocrx_word' id='word_1_232' title='bbox 587 2873 664 2927; x_wconf 84' lang='lat' dir='ltr'>velut</span> <span class='ocrx_word' id='word_1_233' title='bbox 682 2889 847 2943; x_wconf 81' lang='lat' dir='ltr'>suspensum</span> <span class='ocrx_word' id='word_1_234' title='bbox 863 2875 943 2930; x_wconf 71' lang='lat' dir='ltr'>Geso</span> <span class='ocrx_word' id='word_1_235' title='bbox 961 2876 965 2943; x_wconf 95' lang='grc'>1</span> <span class='ocrx_word' id='word_1_236' title='bbox 981 2890 1017 2927; x_wconf 82' lang='grc'>116</span> <span class='ocrx_word' id='word_1_237' title='bbox 1033 2874 1066 2927; x_wconf 86' lang='lat' dir='ltr'>fr.</span> <span class='ocrx_word' id='word_1_238' title='bbox 1082 2875 1226 2927; x_wconf 86' lang='lat' dir='ltr'>moveatur</span> 
     </span>
     <span class='ocr_line' id='line_1_27' title="bbox 209 2943 1226 3016; baseline -0.001 -18"><span class='ocrx_word' id='word_1_239' title='bbox 209 2946 237 2998; x_wconf 93' lang='lat' dir='ltr'><strong><em>P</em></strong></span> <span class='ocrx_word' id='word_1_240' title='bbox 253 2945 286 2996; x_wconf 89' lang='lat' dir='ltr'>ut</span> <span class='ocrx_word' id='word_1_241' title='bbox 311 2943 436 2998; x_wconf 84' lang='lat' dir='ltr'>fractura</span> <span class='ocrx_word' id='word_1_242' title='bbox 464 2945 541 2998; x_wconf 90' lang='lat' dir='ltr'>velut</span> <span class='ocrx_word' id='word_1_243' title='bbox 568 2945 667 2999; x_wconf 86' lang='lat' dir='ltr'>leviter</span> <span class='ocrx_word' id='word_1_244' title='bbox 691 2946 829 3000; x_wconf 82' lang='lat' dir='ltr'>commeat</span> <span class='ocrx_word' id='word_1_245' title='bbox 857 2963 952 3016; x_wconf 76' lang='lat' dir='ltr'>margo</span> <span class='ocrx_word' id='word_1_246' title='bbox 976 2962 1012 2998; x_wconf 93' lang='lat' dir='ltr'>ne</span> <span class='ocrx_word' id='word_1_247' title='bbox 1037 2943 1070 2998; x_wconf 82' lang='lat' dir='ltr'>fr.</span> <span class='ocrx_word' id='word_1_248' title='bbox 1095 2943 1226 2998; x_wconf 87' lang='lat' dir='ltr'>flebiliter</span> 
     </span>
     <span class='ocr_line' id='line_1_28' title="bbox 209 3011 1334 3086; baseline -0.002 -17"><span class='ocrx_word' id='word_1_249' title='bbox 209 3016 249 3069; x_wconf 87' lang='lat' dir='ltr'>ed.</span> <span class='ocrx_word' id='word_1_250' title='bbox 265 3032 311 3085; x_wconf 78' lang='lat' dir='ltr'>pr.</span> <span class='ocrx_word' id='word_1_251' title='bbox 335 3017 368 3069; x_wconf 91' lang='lat' dir='ltr'>ut</span> <span class='ocrx_word' id='word_1_252' title='bbox 386 3017 446 3084; x_wconf 89' lang='lat' dir='ltr'>(aut</span> <span class='ocrx_word' id='word_1_253' title='bbox 466 3015 501 3086; x_wconf 78' lang='lat' dir='ltr'>G)</span> <span class='ocrx_word' id='word_1_254' title='bbox 528 3015 681 3070; x_wconf 84' lang='lat' dir='ltr'>fracturam</span> <span class='ocrx_word' id='word_1_255' title='bbox 707 3015 790 3070; x_wconf 88' lang='lat' dir='ltr'>velud</span> <span class='ocrx_word' id='word_1_256' title='bbox 813 3016 914 3072; x_wconf 79' lang='lat' dir='ltr'>leviter</span> <span class='ocrx_word' id='word_1_257' title='bbox 936 3017 1049 3070; x_wconf 90' lang='lat' dir='ltr'>moveat</span> <span class='ocrx_word' id='word_1_258' title='bbox 1066 3016 1094 3069; x_wconf 92' lang='lat' dir='ltr'><strong><em>A</em></strong></span> <span class='ocrx_word' id='word_1_259' title='bbox 1120 3018 1130 3084; x_wconf 93' lang='grc'>11</span> <span class='ocrx_word' id='word_1_260' title='bbox 1162 3015 1226 3069; x_wconf 78' lang='lat' dir='ltr'>eet</span> <span class='ocrx_word' id='word_1_261' title='bbox 1323 3011 1334 3030; x_wconf 90' lang='grc'><em>“</em></span> 
     </span>
     <span class='ocr_line' id='line_1_29' title="bbox 209 3085 1226 3158; baseline -0.001 -19"><span class='ocrx_word' id='word_1_262' title='bbox 209 3101 323 3155; x_wconf 84' lang='lat' dir='ltr'>vespere</span> <span class='ocrx_word' id='word_1_263' title='bbox 342 3085 480 3140; x_wconf 82' lang='lat' dir='ltr'>suffimdie</span> <span class='ocrx_word' id='word_1_264' title='bbox 500 3088 528 3141; x_wconf 92' lang='lat' dir='ltr'><strong><em>A</em></strong></span> <span class='ocrx_word' id='word_1_265' title='bbox 550 3090 559 3157; x_wconf 96' lang='grc'>11</span> <span class='ocrx_word' id='word_1_266' title='bbox 582 3089 716 3156; x_wconf 74' lang='lat' dir='ltr'>opoetea</span> <span class='ocrx_word' id='word_1_267' title='bbox 733 3089 762 3142; x_wconf 92' lang='lat' dir='ltr'><strong><em>P</em></strong></span> <span class='ocrx_word' id='word_1_268' title='bbox 782 3090 792 3157; x_wconf 97' lang='grc'>11</span> <span class='ocrx_word' id='word_1_269' title='bbox 815 3088 939 3141; x_wconf 79' lang='lat' dir='ltr'>turtice</span> <span class='ocrx_word' id='word_1_270' title='bbox 958 3088 987 3141; x_wconf 91' lang='lat' dir='ltr'><strong><em>P</em></strong></span> <span class='ocrx_word' id='word_1_271' title='bbox 1002 3087 1106 3141; x_wconf 85' lang='lat' dir='ltr'>vertice</span> <span class='ocrx_word' id='word_1_272' title='bbox 1123 3087 1151 3141; x_wconf 93' lang='lat' dir='ltr'><strong><em>A</em></strong></span> <span class='ocrx_word' id='word_1_273' title='bbox 1173 3087 1177 3158; x_wconf 94' lang='grc'>1</span> <span class='ocrx_word' id='word_1_274' title='bbox 1197 3088 1226 3138; x_wconf 90' lang='lat' dir='ltr'>et</span> 
     </span>
     <span class='ocr_line' id='line_1_30' title="bbox 208 3156 1227 3229; baseline 0.001 -19"><span class='ocrx_word' id='word_1_275' title='bbox 208 3157 270 3210; x_wconf 89' lang='grc' dir='ltr'>ΑΡ</span> <span class='ocrx_word' id='word_1_276' title='bbox 293 3161 296 3224; x_wconf 95' lang='grc'>1</span> <span class='ocrx_word' id='word_1_277' title='bbox 321 3157 403 3212; x_wconf 81' lang='lat' dir='ltr'>filicis</span> <span class='ocrx_word' id='word_1_278' title='bbox 422 3157 526 3212; x_wconf 85' lang='lat' dir='ltr'>radicis</span> <span class='ocrx_word' id='word_1_279' title='bbox 545 3160 573 3212; x_wconf 97' lang='lat' dir='ltr'><strong><em>A</em></strong></span> <span class='ocrx_word' id='word_1_280' title='bbox 597 3161 601 3227; x_wconf 96' lang='grc'>1</span> <span class='ocrx_word' id='word_1_281' title='bbox 626 3159 651 3211; x_wconf 92' lang='lat' dir='ltr'><strong>V</strong></span> <span class='ocrx_word' id='word_1_282' title='bbox 671 3173 721 3212; x_wconf 82' lang='lat' dir='ltr'>om.</span> <span class='ocrx_word' id='word_1_283' title='bbox 737 3160 797 3213; x_wconf 96' lang='lat' dir='ltr'>AP</span> <span class='ocrx_word' id='word_1_284' title='bbox 816 3161 825 3227; x_wconf 93' lang='grc'>11</span> <span class='ocrx_word' id='word_1_285' title='bbox 846 3163 861 3210; x_wconf 85' lang='grc'>9</span> <span class='ocrx_word' id='word_1_286' title='bbox 881 3158 936 3211; x_wconf 84' lang='lat' dir='ltr'>nisi</span> <span class='ocrx_word' id='word_1_287' title='bbox 952 3159 980 3212; x_wconf 92' lang='lat' dir='ltr'><strong><em>A</em></strong></span> <span class='ocrx_word' id='word_1_288' title='bbox 1003 3161 1007 3227; x_wconf 93' lang='grc'>1</span> <span class='ocrx_word' id='word_1_289' title='bbox 1031 3157 1198 3212; x_wconf 85' lang='lat' dir='ltr'>causticaA</span> <span class='ocrx_word' id='word_1_290' title='bbox 1216 3156 1227 3229; x_wconf 92' lang='grc'>11</span> 
     </span>
     <span class='ocr_line' id='line_1_31' title="bbox 210 3227 1225 3299; baseline 0.001 -19"><span class='ocrx_word' id='word_1_291' title='bbox 210 3232 297 3280; x_wconf 75' lang='lat'>9-12</span> <span class='ocrx_word' id='word_1_292' title='bbox 311 3229 351 3283; x_wconf 80' lang='lat' dir='ltr'>cio</span> <span class='ocrx_word' id='word_1_293' title='bbox 366 3231 398 3282; x_wconf 78' lang='lat' dir='ltr'>ic</span> <span class='ocrx_word' id='word_1_294' title='bbox 412 3229 451 3282; x_wconf 84' lang='lat' dir='ltr'>P.-</span> <span class='ocrx_word' id='word_1_295' title='bbox 468 3228 628 3296; x_wconf 88' lang='lat' dir='ltr'>profccerit,</span> <span class='ocrx_word' id='word_1_296' title='bbox 646 3228 700 3282; x_wconf 89' lang='lat' dir='ltr'>hoc</span> <span class='ocrx_word' id='word_1_297' title='bbox 721 3228 809 3283; x_wconf 85' lang='lat' dir='ltr'>faciae</span> <span class='ocrx_word' id='word_1_298' title='bbox 831 3245 882 3299; x_wconf 87' lang='lat' dir='ltr'>per</span> <span class='ocrx_word' id='word_1_299' title='bbox 903 3229 963 3283; x_wconf 88' lang='lat' dir='ltr'>dies</span> <span class='ocrx_word' id='word_1_300' title='bbox 979 3229 1027 3282; x_wconf 87' lang='lat' dir='ltr'>XL</span> <span class='ocrx_word' id='word_1_301' title='bbox 1049 3230 1078 3282; x_wconf 88' lang='lat' dir='ltr'>et</span> <span class='ocrx_word' id='word_1_302' title='bbox 1099 3229 1139 3282; x_wconf 83' lang='lat' dir='ltr'>sic</span> <span class='ocrx_word' id='word_1_303' title='bbox 1160 3227 1225 3282; x_wconf 84' lang='lat' dir='ltr'>aoli-</span> 
     </span>
     <span class='ocr_line' id='line_1_32' title="bbox 211 3298 951 3369; baseline 0.007 -21"><span class='ocrx_word' id='word_1_304' title='bbox 211 3298 316 3366; x_wconf 73' lang='lat' dir='ltr'>daturu</span> <span class='ocrx_word' id='word_1_305' title='bbox 331 3306 363 3352; x_wconf 92' lang='grc'>11</span> <span class='ocrx_word' id='word_1_306' title='bbox 383 3301 530 3369; x_wconf 85' lang='lat' dir='ltr'>praeterea</span> <span class='ocrx_word' id='word_1_307' title='bbox 549 3303 644 3354; x_wconf 92' lang='lat' dir='ltr'>autem</span> <span class='ocrx_word' id='word_1_308' title='bbox 662 3299 716 3352; x_wconf 92' lang='lat' dir='ltr'>hoc</span> <span class='ocrx_word' id='word_1_309' title='bbox 735 3299 809 3352; x_wconf 87' lang='lat' dir='ltr'>enim</span> <span class='ocrx_word' id='word_1_310' title='bbox 828 3301 855 3353; x_wconf 89' lang='lat' dir='ltr'><strong><em>A</em></strong></span> <span class='ocrx_word' id='word_1_311' title='bbox 949 3326 951 3330; x_wconf 83' lang='lat'><em>.</em></span> 
     </span>
    </p>

    <p class='ocr_par' dir='ltr' id='par_1_10' title="bbox 209 3369 1226 3654">
     <span class='ocr_line' id='line_1_33' title="bbox 282 3369 1225 3440; baseline 0.002 -21"><span class='ocrx_word' id='word_1_312' title='bbox 282 3373 315 3420; x_wconf 84' lang='lat'>13</span> <span class='ocrx_word' id='word_1_313' title='bbox 334 3370 363 3422; x_wconf 90' lang='lat' dir='ltr'>et</span> <span class='ocrx_word' id='word_1_314' title='bbox 381 3386 431 3424; x_wconf 85' lang='lat' dir='ltr'>om.</span> <span class='ocrx_word' id='word_1_315' title='bbox 449 3372 489 3425; x_wconf 83' lang='lat' dir='ltr'>ed.</span> <span class='ocrx_word' id='word_1_316' title='bbox 500 3387 544 3440; x_wconf 75' lang='lat' dir='ltr'>pr.</span> <span class='ocrx_word' id='word_1_317' title='bbox 564 3370 607 3424; x_wconf 89' lang='lat' dir='ltr'>De</span> <span class='ocrx_word' id='word_1_318' title='bbox 629 3373 738 3424; x_wconf 86' lang='lat' dir='ltr'>tumore</span> <span class='ocrx_word' id='word_1_319' title='bbox 763 3372 792 3424; x_wconf 89' lang='lat' dir='ltr'>et</span> <span class='ocrx_word' id='word_1_320' title='bbox 816 3369 966 3439; x_wconf 81' lang='lat' dir='ltr'>superioris</span> <span class='ocrx_word' id='word_1_321' title='bbox 992 3371 1022 3424; x_wconf 86' lang='lat' dir='ltr'>et</span> <span class='ocrx_word' id='word_1_322' title='bbox 1045 3369 1164 3437; x_wconf 85' lang='lat' dir='ltr'>acrium,</span> <span class='ocrx_word' id='word_1_323' title='bbox 1190 3370 1225 3422; x_wconf 91' lang='lat' dir='ltr'>de</span> 
     </span>
     <span class='ocr_line' id='line_1_34' title="bbox 209 3436 1225 3509; baseline 0.004 -20"><span class='ocrx_word' id='word_1_324' title='bbox 209 3436 347 3506; x_wconf 89' lang='lat' dir='ltr'>flegmone</span> <span class='ocrx_word' id='word_1_325' title='bbox 361 3441 390 3492; x_wconf 90' lang='lat' dir='ltr'>et</span> <span class='ocrx_word' id='word_1_326' title='bbox 407 3455 562 3494; x_wconf 78' lang='lat' dir='ltr'>marmoreo</span> <span class='ocrx_word' id='word_1_327' title='bbox 577 3442 605 3494; x_wconf 93' lang='lat' dir='ltr'><strong><em>P</em></strong></span> <span class='ocrx_word' id='word_1_328' title='bbox 616 3442 625 3509; x_wconf 94' lang='grc'>11</span> <span class='ocrx_word' id='word_1_329' title='bbox 640 3445 673 3492; x_wconf 83' lang='lat' dir='ltr'>lo</span> <span class='ocrx_word' id='word_1_330' title='bbox 686 3456 873 3494; x_wconf 83' lang='lat' dir='ltr'>marmoreum</span> <span class='ocrx_word' id='word_1_331' title='bbox 887 3441 915 3493; x_wconf 95' lang='lat' dir='ltr'><strong><em>P</em></strong></span> <span class='ocrx_word' id='word_1_332' title='bbox 926 3457 1048 3494; x_wconf 85' lang='lat' dir='ltr'>manner</span> <span class='ocrx_word' id='word_1_333' title='bbox 1062 3443 1090 3496; x_wconf 94' lang='lat' dir='ltr'><strong><em>A</em></strong></span> <span class='ocrx_word' id='word_1_334' title='bbox 1103 3443 1113 3509; x_wconf 95' lang='grc'>11</span> <span class='ocrx_word' id='word_1_335' title='bbox 1128 3446 1160 3494; x_wconf 80' lang='grc'>17</span> <span class='ocrx_word' id='word_1_336' title='bbox 1174 3439 1225 3493; x_wconf 86' lang='lat' dir='ltr'>illa</span> 
     </span>
     <span class='ocr_line' id='line_1_35' title="bbox 211 3507 1226 3635; baseline 0.004 -76"><span class='ocrx_word' id='word_1_337' title='bbox 211 3507 239 3559; x_wconf 95' lang='lat' dir='ltr'><strong><em>P</em></strong></span> <span class='ocrx_word' id='word_1_338' title='bbox 252 3510 257 3575; x_wconf 94' lang='grc'>1</span> <span class='ocrx_word' id='word_1_339' title='bbox 272 3510 366 3561; x_wconf 89' lang='lat' dir='ltr'>tumor</span> <span class='ocrx_word' id='word_1_340' title='bbox 374 3512 418 3564; x_wconf 88' lang='lat' dir='ltr'>est</span> <span class='ocrx_word' id='word_1_341' title='bbox 426 3509 527 3577; x_wconf 83' lang='lat' dir='ltr'>mollis,</span> <span class='ocrx_word' id='word_1_342' title='bbox 537 3525 659 3564; x_wconf 89' lang='lat' dir='ltr'>marmor</span> <span class='ocrx_word' id='word_1_343' title='bbox 668 3510 800 3577; x_wconf 80' lang='lat' dir='ltr'>ostendit,</span> <span class='ocrx_word' id='word_1_344' title='bbox 808 3509 914 3564; x_wconf 87' lang='lat' dir='ltr'>mallon</span> <span class='ocrx_word' id='word_1_345' title='bbox 923 3510 1082 3564; x_wconf 84' lang='lat' dir='ltr'>inflativum</span> <span class='ocrx_word' id='word_1_346' title='bbox 1092 3511 1226 3635; x_wconf 49' lang='lat' dir='ltr'>tuberlll</span> 
     </span>
     <span class='ocr_line' id='line_1_36' title="bbox 212 3577 1182 3654; baseline 0.004 -24"><span class='ocrx_word' id='word_1_347' title='bbox 212 3582 245 3630; x_wconf 92' lang='lat'>18</span> <span class='ocrx_word' id='word_1_348' title='bbox 264 3577 490 3648; x_wconf 63' lang='lat' dir='ltr'>inflatueedpr.</span> <span class='ocrx_word' id='word_1_349' title='bbox 506 3583 556 3650; x_wconf 84' lang='grc' dir='ltr'>Α11</span> <span class='ocrx_word' id='word_1_350' title='bbox 571 3578 809 3634; x_wconf 69' lang='lat' dir='ltr'>abeubvenireA</span> <span class='ocrx_word' id='word_1_351' title='bbox 824 3582 828 3654; x_wconf 91' lang='grc'>1</span> <span class='ocrx_word' id='word_1_352' title='bbox 844 3581 1035 3652; x_wconf 64' lang='lat'>§52-30212.</span> <span class='ocrx_word' id='word_1_353' title='bbox 1051 3582 1097 3652; x_wconf 90' lang='grc' dir='ltr'>Ρ1</span> <span class='ocrx_word' id='word_1_354' title='bbox 1113 3581 1182 3634; x_wconf 90' lang='lat' dir='ltr'>ino.</span> 
     </span>
    </p>
   </div>
   <div class='ocr_carea' id='block_1_8' title="bbox 0 0 1351 3920">
    <p class='ocr_par' dir='ltr' id='par_1_11' title="bbox 0 0 1351 3920">
     <span class='ocr_line' id='line_1_37' title="bbox 0 0 1351 3920; baseline 0 0"><span class='ocrx_word' id='word_1_355' title='bbox 0 0 1351 3920; x_wconf 95' lang='lat' dir='ltr'> </span> 
     </span>
    </p>
   </div>
  </div>
 </body>
</html>
