2682 3920
194 225 238 289 96
630 222 763 277 VEGETI

194 395 288 469 ipsius
312 394 402 452 etiam
424 410 495 450 usus
514 392 674 464 intercidit,
697 392 766 449 dum
789 392 931 466 homines,
953 391 1135 467 refugientes
1154 408 1201 448 ex·

193 500 308 558 pensas,
326 481 519 540 barbarorum
533 480 775 540 consuetudinem
792 480 906 538 imitari
919 480 995 538 velle
1010 496 1040 536 se
1059 478 1202 536 simulant

194 575 225 630 et
247 571 382 628 incurata
406 570 548 628 animalia
565 569 697 628 hibernis
719 570 836 644 pascuis
856 571 886 627 et
905 569 1104 645 negligentiae
1127 567 1200 624 oasi-

157 659 247 718 2bus
270 659 389 718 dedunt.
431 658 512 727 Quae
534 676 581 717 res
603 657 679 716 nulli
697 657 912 732 compendium,
935 657 1072 738 plurimis
1095 656 1200 713 attulit

190 748 338 806 damnum
379 748 479 805 Primo
508 747 586 822 quod
613 745 834 805 barbaricorum
862 745 1037 804 animalium
1065 745 1126 802 alia
1148 763 1199 802 na·
1228 765 1240 805 e

190 839 258 895 tura
286 839 316 896 et
338 835 376 894 ad
406 854 522 894 omnem
551 837 693 893 iniuriam
722 834 824 892 durius
851 853 957 910 corpus
988 836 1040 892 est.
1086 831 1200 890 Deinde

193 925 270 1000 quod
294 927 336 985 sic
358 925 556 983 instituuntur
578 942 596 982 a
618 924 766 1000 parvulis,
795 925 829 981 ut
851 942 905 982 nec
934 925 1086 998 potionem
1108 921 1200 979 medi·

192 1015 318 1072 cinalem
335 1014 489 1087 requirant
512 1015 542 1072 et
559 1012 689 1072 hibernis
712 1013 830 1089 pascuis
853 1013 975 1088 vigeant
993 1029 1027 1070 ac
1050 1010 1112 1069 sine
1135 1012 1200 1084 per-

158 1103 268 1162 3nicie
290 1103 403 1178 frigora
421 1101 601 1177 pruinasque
624 1103 797 1160 sustineant.
842 1101 953 1159 Nostra
975 1119 1046 1159 vero
1068 1101 1201 1157 iumenta

192 1195 222 1254 et
244 1191 388 1250 mollioris
410 1193 525 1267 generis
548 1193 617 1249 sunt
646 1193 676 1248 et
698 1192 785 1249 tectis
812 1189 1060 1264 frequentioribus
1084 1190 1241 1248 assuetam

192 1280 354 1354 calidisque
374 1279 498 1338 stabulis
521 1279 644 1352 imbuta,
667 1279 720 1336 ubi
742 1280 768 1337 si
785 1277 1020 1355 indignationem
1041 1297 1076 1335 ex
1099 1278 1200 1352 aliqua

192 1370 367 1428 necessitate
395 1368 609 1441 contraxerint,
640 1369 779 1426 continuo
808 1368 840 1424 in
868 1367 991 1441 aliquod
1013 1385 1104 1442 genus
1127 1367 1200 1424 inci-

193 1458 267 1516 dunt
289 1457 393 1515 morbi.
439 1456 574 1534 Diligens
596 1459 698 1531 itaque
717 1457 943 1532 paterfamiliae,
967 1473 1033 1512 cum
1054 1453 1200 1513 mortibus

192 1547 368 1606 animalium
399 1563 519 1603 suorum
551 1547 581 1603 et
613 1539 706 1622 [cum]
744 1543 907 1602 medicinae
944 1545 1080 1618 expensis
1112 1546 1201 1618 atque

192 1635 375 1694 mercedibus
398 1633 490 1692 faciat
508 1635 663 1707 rationem,
686 1633 844 1709 intelliget,
867 1634 956 1691 unius
975 1632 1115 1690 vilissimi
1138 1633 1200 1690 ani-
1215 1653 1240 1694 11

192 1723 279 1782 malis
308 1723 439 1798 pretium
469 1721 508 1780 ad
536 1722 711 1795 multorum,
747 1740 823 1796 quae
854 1723 917 1779 sine
947 1720 1037 1779 dubio
1068 1721 1200 1796 peritura
1228 1747 1231 1752 ·

154 1885 156 1888 Ι
194 1814 263 1871 sunt
286 1813 312 1869 si
335 1812 439 1868 curata
461 1829 521 1868 non
543 1810 661 1886 fuerint,
686 1811 812 1869 salutem
834 1827 920 1884 posse
943 1809 1084 1869 sufficere.

450 2036 476 2098 Ι.
499 2034 549 2099 Dc
571 2034 796 2100 valetudinibus
818 2036 937 2117 cupitis.

260 2165 297 2223 In
318 2166 455 2224 universo
479 2167 677 2224 animantium
703 2184 808 2242 genere
837 2161 926 2240 caput
955 2164 1070 2222 obtinet
1091 2164 1200 2238 princi-

193 2258 307 2331 patum,
332 2254 411 2329 quod
430 2255 607 2313 eminentius
627 2256 732 2312 ceteris
751 2253 935 2312 dominatum
956 2253 1104 2327 quendam
1123 2252 1200 2310 circa
1215 2273 1241 2311 ec

194 2343 325 2402 subiecta
352 2343 418 2401 loca
440 2344 534 2418 ipsius
563 2342 733 2402 condicione
760 2344 890 2401 sortitur.
936 2340 972 2400 ln
999 2359 1033 2399 eo
1061 2343 1106 2398 est
1129 2339 1201 2397 odor

267 2554 281 2600 1
296 2546 446 2600 intercedit
460 2546 520 2600 ΑΡ
531 2545 680 2599 intercidet
693 2547 784 2614 edpr.
795 2545 962 2600 1111181111.
979 2546 983 2612 1
999 2543 1139 2614 fugientes
1153 2545 1181 2596 P
1195 2543 1198 2614 1

195 2625 210 2672 2
226 2617 439 2671 consuetudines
454 2619 481 2670 P
495 2617 498 2688 1
514 2616 595 2671 imita
609 2619 678 2670 PM
689 2617 725 2668 -ri
739 2618 802 2670 odd.
818 2619 855 2670 M
856 2616 866 2646 ²
879 2618 887 2685 11
903 2622 918 2668 3
933 2614 1112 2686 negligentiis
1127 2613 1201 2668 calo-

194 2688 271 2742 ribus
285 2691 313 2742 P
324 2687 532 2758 negligentibus
547 2687 692 2741 calonibue
705 2688 795 2742 Sumb.
813 2691 817 2754 1
833 2687 949 2740 liberius
963 2706 989 2755 p.
1005 2703 1039 2740 cx
1056 2685 1201 2756 negligen-

194 2775 266 2879 tiis.
278 2812 414 2866 dederunt
423 2814 451 2866 A
464 2815 473 2879 11
487 2811 562 2864 4sed
571 2811 609 2880 pl.
620 2813 648 2865 P
659 2814 667 2879 11
682 2811 828 2878 ltprimum
837 2813 865 2865 A
881 2811 884 2881 1
901 2809 1083 2864 barbarorum
1092 2812 1181 2878 edpr.
1195 2810 1197 2880 1

195 2883 268 2937 aliae
286 2902 312 2936 n.
328 2885 367 2938 ed.
378 2901 422 2952 pr.
437 2886 446 2952 11
461 2889 476 2936 8
491 2883 634 2965 inquirant
649 2884 676 2936 P
690 2883 694 2953 1
710 2883 831 2964 degeant
846 2884 873 2936 P
884 2883 893 2949 11
908 2887 922 2934 9
937 2880 1041 2964 nivesq:
1057 2884 1084 2936 P
1098 2886 1102 2951 1
1119 2880 1202 2963 susti-

195 2957 263 3008 nent
281 2957 308 3009 A
330 2956 339 3023 11
364 2961 397 3008 10
415 2953 596 3036 1111111011111Ι
609 2955 619 3022 11
647 2958 678 3005 11
697 2951 1097 3036 calidisq.AFcalrd1ss1m1e
1116 2955 1202 3007 etiam

195 3027 436 3150 attiliani
450 3025 680 3167 faletti
692 3024 846 3162 titt
861 3023 1201 3163 sectemini
1235 3137 1243 3150 .

196 3169 310 3222 currunt
327 3167 418 3250 morbi
437 3167 495 3221 sive
513 3167 642 3248 incidunt
660 3167 687 3221 A
700 3168 709 3234 11
726 3172 757 3220 13
776 3165 863 3235 igitur
877 3166 954 3247 AP!
972 3166 996 3248 si
1012 3183 1078 3248 cum
1098 3164 1202 3246 (lesaii

196 3244 312 3434 or,
328 3234 1206 3436 11111111

195 3396 339 3448 sequrmcr
361 3398 484 3449 copcuo
512 3399 566 3434 arc
636 3397 668 3433 111
712 3419 720 3443 ,
749 3394 803 3430 111
892 3409 925 3416 -
980 3395 1012 3430 aa
1058 3395 1106 3443 ,1

196 3452 473 3603 1.-61817111111111111111
492 3523 519 3575 Ρ
539 3524 548 3590 11
570 3528 602 3574 19
621 3520 651 3572 in
669 3536 719 3574 cru.
733 3520 761 3572 A
786 3520 790 3585 1
815 3517 978 3572 animalium
997 3521 1024 3573 P
1035 3521 1044 3588 11
1059 3525 1093 3572 20
1111 3520 1150 3574 sic
1168 3520 1201 3572 P.

197 3608 272 3646 circa
289 3592 344 3646 loci
362 3593 380 3646 i,
400 3592 587 3647 conditionem
605 3592 644 3644 ed.
655 3607 700 3658 pr.
716 3590 779 3644 AF
