2682 3920
542 229 680 284 MVLOM.
699 231 711 282 Ι
730 237 763 284 56
1110 231 1150 294 87

149 398 282 457 sordium
313 399 346 454 in
382 398 516 456 articulis
549 397 729 473 basibusque
761 401 941 473 permaneat.
994 398 1152 476 Unguento
1169 401 1208 458 28

149 488 241 545 etiam
264 485 447 544 confricandi
469 488 546 559 sunt,
569 506 628 562 quo
650 488 778 565 ungulae
801 488 984 562 nutriantur,
1007 490 1041 546 ut
1063 487 1153 558 medi-

149 577 274 634 caminis
292 574 433 633 beneficio
452 575 618 634 subcrescat
633 575 712 650 quod
726 576 841 636 itineris
858 578 1015 635 attriverat
1031 576 1154 636 iniuria:

149 665 204 722 alii
226 663 325 739 capita
347 665 420 737 tria,
447 667 533 723 rutae
559 664 663 723 viridis
694 666 879 740 fasciculum,
910 665 1049 724 aluminis
1072 667 1154 725 tunsi
1169 669 1208 725 29

121 756 180 812 set
209 752 331 811 cribrati
360 770 426 810 unc.
445 751 497 826 VL
520 755 665 830 axungiae
694 756 801 813 veteris
830 753 928 830 pondo
951 753 990 827 H,
1018 757 1153 813 stercoris

149 842 259 900 asinini
281 843 407 900 recentis
434 860 556 900 manum
581 843 714 917 plenam,
742 843 848 917 quibus
876 844 1041 902 commixtis
1065 845 1153 917 atque

149 931 277 989 decoctis
301 929 382 988 domi
403 934 437 988 ut
459 931 600 1004 volueris,
626 930 659 988 in
680 933 787 990 itinere
817 933 909 990 uteris
932 930 970 988 ad
992 949 1153 1006 vesperam.

148 1018 305 1076 Praeterea
333 1018 415 1076 aliud
442 1018 520 1094 quod
549 1021 676 1096 ungulas
706 1022 802 1078 nutrit
824 1025 854 1078 et
880 1019 991 1078 firmat:
1020 1021 1095 1094 picis
1117 1020 1152 1077 li-
1169 1023 1210 1081 30

149 1107 257 1182 quidae
285 1107 335 1165 lib.
354 1107 414 1182 111,
438 1107 580 1167 absinthii
606 1108 656 1167 lib.
676 1109 699 1184 Ι,
729 1109 782 1166 alii
810 1110 909 1185 capita
931 1108 981 1182 IX,
1009 1111 1153 1186 axungiae

107 1217 134 1255 ro
149 1196 199 1255 lib.
218 1196 245 1270 I,
269 1196 328 1254 olei
356 1198 464 1255 veteris
491 1196 541 1254 lib.
561 1215 593 1270 s,
616 1199 692 1255 aceti
721 1197 842 1269 acrioris
870 1199 941 1256 sext.
959 1197 988 1271 Ι,
1017 1199 1155 1256 universa

149 1284 310 1344 contundes
340 1287 370 1342 et
398 1287 502 1344 misces
534 1287 564 1343 et
587 1285 742 1360 decoquas,
770 1288 800 1344 et
829 1305 863 1343 ex
895 1304 929 1344 ao
957 1305 1077 1346 coronas
1107 1287 1154 1345 vel

148 1392 260 1450 ungues
291 1373 465 1431 animalium
494 1373 678 1432 confricabis.
724 1374 767 1432 De
797 1374 899 1450 palato
927 1375 1050 1452 singulis
1073 1395 1153 1433 men·
1169 1377 1208 1432 31

148 1461 229 1522 sibus
251 1463 402 1520 minuente
426 1463 498 1520 luna
521 1464 640 1539 sanguis
666 1463 849 1538 detrahetur3
873 1482 931 1537 quo
950 1464 1028 1522 facto
1052 1465 1077 1522 si
1095 1481 1154 1538 qua

148 1552 239 1610 fuerit
262 1551 369 1626 capitis
391 1551 489 1626 passio
512 1552 661 1609 relevatur
688 1555 718 1610 et
740 1551 872 1610 ciborum
899 1551 1053 1610 fastidium
1074 1552 1153 1610 tolli·

107 1661 132 1700 rr
147 1642 205 1698 tur.
260 1637 384 1715 Oportet
420 1643 519 1698 autern
556 1641 734 1700 ferramento
769 1642 943 1700 lotiosorum
981 1640 1154 1698 animalium

148 1729 243 1787 soleas
265 1729 444 1803 ranuiasquc
467 1730 597 1806 purgari,
621 1730 700 1805 quod
723 1732 864 1805 evaporat
887 1732 975 1804 atque
997 1729 1154 1806 refrigerat

106 1837 108 1842 ·
148 1820 179 1874 et
200 1818 337 1875 fortiores
360 1818 486 1895 ungulas
509 1817 613 1876 reddit.
660 1819 694 1876 Si
716 1819 827 1877 animal
854 1818 934 1877 domi
958 1819 1065 1877 forisve
1088 1837 1153 1893 per·
1169 1820 1209 1876 32

148 1907 276 1979 frixerit,
307 1905 497 1965 calidioribus
526 1909 698 1984 ungnentis,
727 1926 803 1982 quae
832 1909 1031 1981 multarunt,
1060 1906 1154 1965 lumbi

148 1994 243 2052 eidem
266 1995 465 2053 confricantur
486 1996 517 2053 et
539 1996 701 2070 cerebrum,
723 1997 916 2071 potionesque
940 2013 974 2052 ex
996 1995 1160 2072 pigmentis·

107 2106 134 2145 so
149 2086 179 2141 et
207 2083 320 2150 herbis,
353 2102 480 2157 quarum
513 2084 675 2143 ferventior
704 2087 749 2142 est
779 2086 837 2157 vis,
869 2104 922 2160 per
953 2102 985 2142 os
1015 2085 1153 2142 continuo

221 2277 234 2323 1
253 2269 310 2325 Pel.
327 2287 349 2323 c.
365 2275 415 2323 231
437 2269 470 2323 cf.
486 2268 554 2338 Veg.
568 2268 594 2322 H
608 2274 650 2335 58,
667 2276 689 2322 1.

220 2435 234 2483 1
255 2430 398 2483 sordidum
413 2431 440 2484 A
458 2428 580 2512 fordiam
594 2431 621 2483 P
638 2429 763 2482 sordium
775 2429 822 2483 sod
840 2445 853 2480 a
871 2429 903 2481 ta
915 2444 969 2482 raa.
986 2429 1023 2482 M
1040 2428 1044 2498 1
1064 2427 1152 2495 basiq.

147 2555 187 2609 cd.
199 2572 243 2622 pr.
259 2555 322 2608 AF
340 2557 349 2623 [Ι
372 2561 388 2607 2
406 2518 583 2622 perfricandd
602 2570 657 2621 quo
676 2554 706 2607 F
720 2554 785 2606 sunt
803 2553 915 2620 000111
936 2551 1111 2606 enutriantur
1128 2554 1156 2606 P

147 2678 309 2731 nutriuntur
328 2680 406 2746 AF!
424 2680 452 2731 et
469 2695 505 2731 m.
524 2678 674 2746 00100113
693 2675 872 2730 subcrescunt
890 2623 960 2743 quod
977 2677 1004 2729 A
1026 2678 1030 2745 t
1046 2675 1155 2729 attrivit

148 2749 306 2804 Fattinuit
320 2751 388 2803 ΡΜ
404 2753 413 2818 ΙΙ
432 2749 586 2816 ttritaPl
602 2765 623 2800 r.
638 2747 739 2802 veteris
758 2749 797 2802 cot.
809 2765 852 2816 pr.
866 2748 893 2801 A
909 2749 913 2816 Ι
930 2762 954 2800 a.
970 2746 1049 2800 scissi
1062 2748 1101 2801 cd.
1108 2764 1152 2815 pr.

148 2821 212 2874 AF
225 2820 301 2873 tunsi
320 2822 347 2874 P
359 2822 416 2875 Pcl.
437 2820 498 2890 ch.
514 2821 551 2873 ΙΙ
562 2824 596 2873 58
617 2822 627 2888 ΙΙ
650 2825 665 2872 t
683 2819 808 2887 pondera
826 2820 886 2872 ΑΡ
906 2821 910 2886 t
931 2820 1082 2871 stercorum
1100 2818 1128 2871 A
1145 2816 1154 2886 11

149 2897 165 2944 6
184 2891 285 2959 quibus
305 2891 461 2945 commixtis
476 2891 505 2943 in
523 2891 553 2943 it.
568 2890 670 2944 veteris
689 2890 726 2942 ad
743 2905 889 2958 vesperum
902 2891 930 2944 P
940 2891 979 2958 119
999 2904 1040 2941 ax.
1055 2887 1103 2941 lib.
1117 2887 1154 2940 111

148 2965 176 3017 Ρ
201 2965 210 3031 tl
238 2968 271 3015 10
290 2962 394 3016 otvet.
414 2979 463 3016 om.
479 2964 506 3015 P
523 2967 585 3015 cate
603 2961 753 3015 abeto-bct
772 2963 809 3014 M
831 2963 834 3028 Ι
860 2978 893 3014 a:
912 2976 1005 3028 morpc
1024 2958 1150 3030 al.IAt

148 3031 278 3087 acerrimi
296 3034 324 3087 P
346 3034 351 3103 Ι
379 3033 474 3087 omnia
493 3049 515 3086 c.
530 3035 558 3087 P
580 3033 589 3100 ΙΙ
617 3037 648 3084 11
669 3032 820 3085 contendes
839 3033 866 3085 A
884 3031 1023 3084 contunde
1041 3036 1087 3084 cto.
1102 3031 1130 3084 P
1145 3029 1154 3101 11

149 3109 182 3157 12
196 3104 301 3173 palatis
316 3107 355 3159 cd.
366 3121 411 3172 pr.
425 3105 435 3173 ΙΙ
450 3109 482 3157 13
501 3102 666 3171 sanguinem
680 3101 809 3156 detrahes
824 3105 851 3156 P
865 3101 868 3173 1
885 3103 914 3156 et
928 3102 952 3154 si
966 3103 1025 3155 AP
1036 3103 1045 3169 ΙΙ
1060 3106 1093 3154 14
1112 3103 1154 3154 est

148 3177 188 3229 od.
200 3193 245 3243 pr.
260 3192 310 3230 om.
326 3176 353 3228 A
366 3177 375 3244 ΙΙ
391 3180 423 3227 15
441 3175 611 3228 ferramenta
629 3175 657 3228 A
681 3175 685 3242 1
710 3173 862 3227 otiosorum
880 3175 908 3226 P
922 3172 972 3226 lot.
987 3172 1049 3225 AF
1064 3171 1153 3225 conci·

149 3246 222 3299 sorio
241 3248 312 3316 culp.
342 3249 346 3316 Ι
376 3262 420 3299 an.
436 3263 486 3300 em.
501 3247 529 3299 A
555 3247 564 3314 11
593 3250 624 3298 16
644 3244 704 3298 eolo
723 3245 786 3298 AF
801 3243 876 3297 solea
895 3245 923 3297 P
954 3245 957 3310 Ι
986 3242 1112 3310 ranulaq.
1127 3243 1157 3296 F

148 3315 276 3384 anulasq.
289 3318 328 3370 'P
348 3315 406 3370 sole
432 3316 559 3383 amilasq.
586 3318 622 3370 Μ
644 3314 779 3382 ramulaq.
799 3317 827 3369 A
854 3313 1003 3383 ramulasq.
1023 3314 1062 3367 ed.
1077 3331 1121 3382 pr.
1147 3313 1150 3384 Ι

149 3384 1065 3459 010101100011111117(1.00110111111ςο0111Ρ(1100001019.
1083 3383 1150 3452 11τί-

149 3458 486 3599 carrarca
500 3463 538 3582 o
551 3455 1153 3598 transcurrerent

150 3603 184 3650 20
202 3615 252 3667 per
271 3599 313 3670 oe]
331 3600 416 3668 pedes
435 3616 528 3668 morpo
547 3598 582 3651 al.
598 3616 629 3652 os
648 3601 675 3653 A
