<?xml version="1.0" encoding="UTF-8"?>
<!DOCTYPE html PUBLIC "-//W3C//DTD XHTML 1.0 Transitional//EN"
    "http://www.w3.org/TR/xhtml1/DTD/xhtml1-transitional.dtd">
<html xmlns="http://www.w3.org/1999/xhtml" xml:lang="en" lang="en">
 <head>
  <title>
</title>
<meta http-equiv="Content-Type" content="text/html;charset=utf-8" />
  <meta name='ocr-system' content='tesseract 3.04.00' />
  <meta name='ocr-capabilities' content='ocr_page ocr_carea ocr_par ocr_line ocrx_word'/>
</head>
<body>
  <div class='ocr_page' id='page_1' title='image "./pvegetirenatidi02martgoog/pvegetirenatidi02martgoog_0126.png"; bbox 0 0 2682 3920; ppageno 0'>
   <div class='ocr_carea' id='block_1_1' title="bbox 499 226 1153 293">
    <p class='ocr_par' dir='ltr' id='par_1_1' title="bbox 499 226 1153 293">
     <span class='ocr_line' id='line_1_1' title="bbox 499 226 1153 293; baseline 0.003 -13"><span class='ocrx_word' id='word_1_1' title='bbox 499 226 639 281; x_wconf 84' lang='lat' dir='ltr'><strong>MVLOM.</strong></span> <span class='ocrx_word' id='word_1_2' title='bbox 658 228 671 280; x_wconf 95' lang='grc' dir='ltr'><strong>Ι</strong></span> <span class='ocrx_word' id='word_1_3' title='bbox 690 233 794 281; x_wconf 80' lang='grc'>53-55</span> <span class='ocrx_word' id='word_1_4' title='bbox 1112 230 1153 293; x_wconf 77' lang='grc'><strong>79</strong></span> 
     </span>
    </p>
   </div>
   <div class='ocr_carea' id='block_1_2' title="bbox 94 395 1158 916">
    <p class='ocr_par' dir='ltr' id='par_1_2' title="bbox 94 395 1158 916">
     <span class='ocr_line' id='line_1_2' title="bbox 142 395 1158 474; baseline 0.003 -20"><span class='ocrx_word' id='word_1_5' title='bbox 142 395 303 472; x_wconf 86' lang='lat' dir='ltr'><strong>anagallici</strong></span> <span class='ocrx_word' id='word_1_6' title='bbox 330 395 451 471; x_wconf 86' lang='lat' dir='ltr'><strong>libram,</strong></span> <span class='ocrx_word' id='word_1_7' title='bbox 483 396 558 454; x_wconf 80' lang='lat' dir='ltr'><strong>turis</strong></span> <span class='ocrx_word' id='word_1_8' title='bbox 589 397 714 455; x_wconf 88' lang='lat' dir='ltr'><strong>masculi</strong></span> <span class='ocrx_word' id='word_1_9' title='bbox 741 397 857 472; x_wconf 91' lang='lat' dir='ltr'><strong>pondus</strong></span> <span class='ocrx_word' id='word_1_10' title='bbox 885 397 913 456; x_wconf 89' lang='lat' dir='ltr'><strong>I:</strong></span> <span class='ocrx_word' id='word_1_11' title='bbox 948 417 1023 474; x_wconf 91' lang='lat' dir='ltr'><strong>quae</strong></span> <span class='ocrx_word' id='word_1_12' title='bbox 1055 397 1158 457; x_wconf 89' lang='lat' dir='ltr'><strong>omnia</strong></span> 
     </span>
     <span class='ocr_line' id='line_1_3' title="bbox 141 485 1155 568; baseline 0.002 -25"><span class='ocrx_word' id='word_1_13' title='bbox 141 485 272 543; x_wconf 86' lang='lat' dir='ltr'><strong>cribrata</strong></span> <span class='ocrx_word' id='word_1_14' title='bbox 294 485 326 542; x_wconf 90' lang='lat' dir='ltr'><strong>in</strong></span> <span class='ocrx_word' id='word_1_15' title='bbox 353 485 508 561; x_wconf 89' lang='lat' dir='ltr'><strong>pulverem</strong></span> <span class='ocrx_word' id='word_1_16' title='bbox 534 485 663 562; x_wconf 78' lang='lat' dir='ltr'><strong>redigeS‚</strong></span> <span class='ocrx_word' id='word_1_17' title='bbox 694 505 729 544; x_wconf 84' lang='lat' dir='ltr'><strong>ex</strong></span> <span class='ocrx_word' id='word_1_18' title='bbox 752 506 810 561; x_wconf 89' lang='lat' dir='ltr'><strong>quo</strong></span> <span class='ocrx_word' id='word_1_19' title='bbox 834 486 893 545; x_wconf 92' lang='lat' dir='ltr'><strong>duo</strong></span> <span class='ocrx_word' id='word_1_20' title='bbox 921 487 1066 568; x_wconf 83' lang='lat' dir='ltr'><strong>coclearia</strong></span> <span class='ocrx_word' id='word_1_21' title='bbox 1088 506 1155 546; x_wconf 90' lang='lat' dir='ltr'><strong>eum</strong></span> 
     </span>
     <span class='ocr_line' id='line_1_4' title="bbox 94 573 1155 653; baseline 0.001 -21"><span class='ocrx_word' id='word_1_22' title='bbox 94 648 97 653; x_wconf 21' lang='grc' dir='ltr'>Ι</span> <span class='ocrx_word' id='word_1_23' title='bbox 141 592 239 648; x_wconf 86' lang='lat' dir='ltr'><strong>aquae</strong></span> <span class='ocrx_word' id='word_1_24' title='bbox 259 573 373 632; x_wconf 78' lang='lat' dir='ltr'>calidae</span> <span class='ocrx_word' id='word_1_25' title='bbox 391 573 511 632; x_wconf 88' lang='lat' dir='ltr'><strong>hemina</strong></span> <span class='ocrx_word' id='word_1_26' title='bbox 530 577 560 632; x_wconf 92' lang='lat' dir='ltr'><strong>et</strong></span> <span class='ocrx_word' id='word_1_27' title='bbox 582 574 678 634; x_wconf 88' lang='lat' dir='ltr'><strong>mellis</strong></span> <span class='ocrx_word' id='word_1_28' title='bbox 702 573 884 635; x_wconf 72' lang='lat' dir='ltr'><strong>coclearibus</strong></span> <span class='ocrx_word' id='word_1_29' title='bbox 902 574 1016 636; x_wconf 89' lang='lat' dir='ltr'><strong>duobus</strong></span> <span class='ocrx_word' id='word_1_30' title='bbox 1041 579 1071 635; x_wconf 89' lang='lat' dir='ltr'><strong>et</strong></span> <span class='ocrx_word' id='word_1_31' title='bbox 1095 577 1155 635; x_wconf 92' lang='lat' dir='ltr'><strong>olei</strong></span> 
     </span>
     <span class='ocr_line' id='line_1_5' title="bbox 139 661 1155 740; baseline 0.004 -20"><span class='ocrx_word' id='word_1_32' title='bbox 139 661 219 721; x_wconf 84' lang='lat' dir='ltr'>rosei</span> <span class='ocrx_word' id='word_1_33' title='bbox 238 661 353 738; x_wconf 76' lang='lat' dir='ltr'><strong>cyathis</strong></span> <span class='ocrx_word' id='word_1_34' title='bbox 372 662 486 721; x_wconf 87' lang='lat' dir='ltr'><strong>duobus</strong></span> <span class='ocrx_word' id='word_1_35' title='bbox 504 664 658 738; x_wconf 86' lang='lat' dir='ltr'><strong>potionem</strong></span> <span class='ocrx_word' id='word_1_36' title='bbox 676 662 760 722; x_wconf 90' lang='lat' dir='ltr'><strong>dabis</strong></span> <span class='ocrx_word' id='word_1_37' title='bbox 776 664 912 739; x_wconf 88' lang='lat' dir='ltr'><strong>pluribus</strong></span> <span class='ocrx_word' id='word_1_38' title='bbox 931 663 1044 740; x_wconf 87' lang='lat' dir='ltr'><strong>diebus,</strong></span> <span class='ocrx_word' id='word_1_39' title='bbox 1063 665 1155 724; x_wconf 91' lang='lat' dir='ltr'><strong>donec</strong></span> 
     </span>
     <span class='ocr_line' id='line_1_6' title="bbox 112 750 1155 828; baseline 0 -16"><span class='ocrx_word' id='word_1_40' title='bbox 112 762 249 812; x_wconf 82' lang='lat' dir='ltr'><strong>esanum</strong></span> <span class='ocrx_word' id='word_1_41' title='bbox 266 750 328 810; x_wconf 87' lang='lat' dir='ltr'><strong>fiat.</strong></span> <span class='ocrx_word' id='word_1_42' title='bbox 369 751 410 809; x_wconf 80' lang='lat' dir='ltr'><strong>Et</strong></span> <span class='ocrx_word' id='word_1_43' title='bbox 432 751 526 811; x_wconf 85' lang='lat' dir='ltr'><strong>vulsis</strong></span> <span class='ocrx_word' id='word_1_44' title='bbox 543 751 616 811; x_wconf 85' lang='lat' dir='ltr'><strong>haec</strong></span> <span class='ocrx_word' id='word_1_45' title='bbox 638 753 721 828; x_wconf 89' lang='lat' dir='ltr'><strong>potio</strong></span> <span class='ocrx_word' id='word_1_46' title='bbox 745 755 775 812; x_wconf 92' lang='lat' dir='ltr'><strong>et</strong></span> <span class='ocrx_word' id='word_1_47' title='bbox 793 752 927 812; x_wconf 88' lang='lat' dir='ltr'><strong>tensione</strong></span> <span class='ocrx_word' id='word_1_48' title='bbox 949 753 1155 813; x_wconf 78' lang='lat' dir='ltr'><strong>laborantibus</strong></span> 
     </span>
     <span class='ocr_line' id='line_1_7' title="bbox 139 840 270 916; baseline 0 -18"><span class='ocrx_word' id='word_1_49' title='bbox 139 840 270 916; x_wconf 89' lang='lat' dir='ltr'><strong>prodest.</strong></span> 
     </span>
    </p>
   </div>
   <div class='ocr_carea' id='block_1_3' title="bbox 216 993 1079 1078">
    <p class='ocr_par' dir='ltr' id='par_1_3' title="bbox 216 993 1079 1078">
     <span class='ocr_line' id='line_1_8' title="bbox 216 993 1079 1078; baseline 0.002 -19"><span class='ocrx_word' id='word_1_50' title='bbox 216 993 307 1060; x_wconf 83' lang='lat' dir='ltr'><strong><em>LIV.</em></strong></span> <span class='ocrx_word' id='word_1_51' title='bbox 330 994 452 1060; x_wconf 76' lang='lat' dir='ltr'><strong>Dabis</strong></span> <span class='ocrx_word' id='word_1_52' title='bbox 474 996 529 1078; x_wconf 76' lang='lat' dir='ltr'><strong>qui</strong></span> <span class='ocrx_word' id='word_1_53' title='bbox 550 996 735 1078; x_wconf 72' lang='lat' dir='ltr'><strong>sanquinem</strong></span> <span class='ocrx_word' id='word_1_54' title='bbox 752 1016 811 1078; x_wconf 86' lang='lat' dir='ltr'><strong>per</strong></span> <span class='ocrx_word' id='word_1_55' title='bbox 832 1015 925 1061; x_wconf 78' lang='lat' dir='ltr'><strong>nores</strong></span> <span class='ocrx_word' id='word_1_56' title='bbox 946 999 1079 1061; x_wconf 59' lang='lat' dir='ltr'><strong>minuat.</strong></span> 
     </span>
    </p>
   </div>
   <div class='ocr_carea' id='block_1_4' title="bbox 98 1124 1315 1825">
    <p class='ocr_par' dir='ltr' id='par_1_4' title="bbox 98 1124 1315 1825">
     <span class='ocr_line' id='line_1_9' title="bbox 209 1124 1315 1203; baseline -0.003 -21"><span class='ocrx_word' id='word_1_57' title='bbox 209 1124 303 1200; x_wconf 84' lang='lat' dir='ltr'><strong>Saepe</strong></span> <span class='ocrx_word' id='word_1_58' title='bbox 326 1144 362 1182; x_wconf 84' lang='lat' dir='ltr'><strong>ex</strong></span> <span class='ocrx_word' id='word_1_59' title='bbox 384 1143 472 1184; x_wconf 88' lang='lat' dir='ltr'><strong>cursu</strong></span> <span class='ocrx_word' id='word_1_60' title='bbox 493 1126 586 1184; x_wconf 90' lang='lat' dir='ltr'><strong>nimio</strong></span> <span class='ocrx_word' id='word_1_61' title='bbox 608 1126 742 1184; x_wconf 89' lang='lat' dir='ltr'><strong>iumenta</strong></span> <span class='ocrx_word' id='word_1_62' title='bbox 765 1125 885 1203; x_wconf 88' lang='lat' dir='ltr'><strong>sanguis</strong></span> <span class='ocrx_word' id='word_1_63' title='bbox 907 1127 1033 1186; x_wconf 89' lang='lat' dir='ltr'><strong>infestat</strong></span> <span class='ocrx_word' id='word_1_64' title='bbox 1054 1128 1085 1184; x_wconf 89' lang='lat' dir='ltr'><strong>et</strong></span> <span class='ocrx_word' id='word_1_65' title='bbox 1102 1139 1315 1202; x_wconf 78' lang='lat' dir='ltr'><strong>parnassum.</strong></span> 
     </span>
     <span class='ocr_line' id='line_1_10' title="bbox 140 1213 1156 1291; baseline 0.003 -20"><span class='ocrx_word' id='word_1_66' title='bbox 140 1231 227 1273; x_wconf 74' lang='lat' dir='ltr'><strong>umes</strong></span> <span class='ocrx_word' id='word_1_67' title='bbox 251 1215 383 1290; x_wconf 85' lang='lat' dir='ltr'><strong>emanat,</strong></span> <span class='ocrx_word' id='word_1_68' title='bbox 407 1215 459 1289; x_wconf 93' lang='lat' dir='ltr'><strong>qui</strong></span> <span class='ocrx_word' id='word_1_69' title='bbox 482 1213 617 1289; x_wconf 88' lang='lat' dir='ltr'><strong>difficile,</strong></span> <span class='ocrx_word' id='word_1_70' title='bbox 639 1216 737 1290; x_wconf 86' lang='lat' dir='ltr'><strong>ruptis</strong></span> <span class='ocrx_word' id='word_1_71' title='bbox 760 1216 843 1274; x_wconf 89' lang='lat' dir='ltr'><strong>venis</strong></span> <span class='ocrx_word' id='word_1_72' title='bbox 870 1215 973 1274; x_wconf 89' lang='lat' dir='ltr'><strong>labore</strong></span> <span class='ocrx_word' id='word_1_73' title='bbox 997 1217 1026 1274; x_wconf 89' lang='lat' dir='ltr'><strong>et</strong></span> <span class='ocrx_word' id='word_1_74' title='bbox 1049 1216 1156 1291; x_wconf 86' lang='lat' dir='ltr'><strong>calore,</strong></span> 
     </span>
     <span class='ocr_line' id='line_1_11' title="bbox 98 1302 1155 1379; baseline 0 -17"><span class='ocrx_word' id='word_1_75' title='bbox 98 1323 126 1362; x_wconf 82' lang='lat' dir='ltr'><strong>ro</strong></span> <span class='ocrx_word' id='word_1_76' title='bbox 141 1303 357 1379; x_wconf 78' lang='lat' dir='ltr'><strong>substringitur</strong></span> <span class='ocrx_word' id='word_1_77' title='bbox 375 1305 406 1361; x_wconf 91' lang='lat' dir='ltr'><strong>et</strong></span> <span class='ocrx_word' id='word_1_78' title='bbox 427 1302 645 1361; x_wconf 79' lang='lat' dir='ltr'><strong>velocissimam</strong></span> <span class='ocrx_word' id='word_1_79' title='bbox 662 1304 798 1379; x_wconf 88' lang='lat' dir='ltr'><strong>postulat</strong></span> <span class='ocrx_word' id='word_1_80' title='bbox 819 1304 1004 1362; x_wconf 83' lang='lat' dir='ltr'><strong>medicinam.</strong></span> <span class='ocrx_word' id='word_1_81' title='bbox 1046 1303 1155 1362; x_wconf 85' lang='lat' dir='ltr'><strong>Sucum</strong></span> 
     </span>
     <span class='ocr_line' id='line_1_12' title="bbox 141 1391 1155 1469; baseline 0.003 -20"><span class='ocrx_word' id='word_1_82' title='bbox 141 1391 244 1466; x_wconf 89' lang='lat' dir='ltr'><strong>itaque</strong></span> <span class='ocrx_word' id='word_1_83' title='bbox 262 1391 366 1450; x_wconf 87' lang='lat' dir='ltr'><strong>viridis</strong></span> <span class='ocrx_word' id='word_1_84' title='bbox 386 1391 535 1450; x_wconf 74' lang='lat' dir='ltr'><strong>coriandri</strong></span> <span class='ocrx_word' id='word_1_85' title='bbox 554 1393 604 1451; x_wconf 92' lang='lat' dir='ltr'><strong>vel</strong></span> <span class='ocrx_word' id='word_1_86' title='bbox 627 1393 652 1450; x_wconf 92' lang='lat' dir='ltr'><strong>si</strong></span> <span class='ocrx_word' id='word_1_87' title='bbox 670 1392 808 1466; x_wconf 84' lang='lat' dir='ltr'><strong>defuerit,</strong></span> <span class='ocrx_word' id='word_1_88' title='bbox 830 1395 912 1469; x_wconf 84' lang='lat' dir='ltr'><strong>porri</strong></span> <span class='ocrx_word' id='word_1_89' title='bbox 930 1393 1034 1452; x_wconf 89' lang='lat' dir='ltr'><strong>sectivi</strong></span> <span class='ocrx_word' id='word_1_90' title='bbox 1053 1413 1155 1452; x_wconf 90' lang='lat' dir='ltr'><strong>sucum</strong></span> 
     </span>
     <span class='ocr_line' id='line_1_13' title="bbox 140 1480 1155 1558; baseline 0.001 -21"><span class='ocrx_word' id='word_1_91' title='bbox 140 1480 263 1538; x_wconf 88' lang='lat' dir='ltr'><strong>naribus</strong></span> <span class='ocrx_word' id='word_1_92' title='bbox 290 1480 489 1556; x_wconf 87' lang='lat' dir='ltr'><strong>periclitantis</strong></span> <span class='ocrx_word' id='word_1_93' title='bbox 515 1480 666 1556; x_wconf 80' lang='lat' dir='ltr'><strong>infundes3</strong></span> <span class='ocrx_word' id='word_1_94' title='bbox 695 1482 817 1558; x_wconf 86' lang='lat' dir='ltr'><strong>pollinis</strong></span> <span class='ocrx_word' id='word_1_95' title='bbox 844 1481 955 1540; x_wconf 89' lang='lat' dir='ltr'><strong>triticei</strong></span> <span class='ocrx_word' id='word_1_96' title='bbox 978 1481 1107 1540; x_wconf 89' lang='lat' dir='ltr'><strong>drachm.</strong></span> <span class='ocrx_word' id='word_1_97' title='bbox 1130 1481 1155 1555; x_wconf 79' lang='grc' dir='ltr'><strong>Ι,</strong></span> 
     </span>
     <span class='ocr_line' id='line_1_14' title="bbox 140 1568 1154 1648; baseline 0.001 -22"><span class='ocrx_word' id='word_1_98' title='bbox 140 1568 264 1645; x_wconf 88' lang='lat' dir='ltr'><strong>pollinis</strong></span> <span class='ocrx_word' id='word_1_99' title='bbox 297 1571 374 1627; x_wconf 89' lang='lat' dir='ltr'><strong>turis</strong></span> <span class='ocrx_word' id='word_1_100' title='bbox 408 1569 537 1628; x_wconf 90' lang='lat' dir='ltr'><strong>drachm.</strong></span> <span class='ocrx_word' id='word_1_101' title='bbox 561 1569 590 1645; x_wconf 87' lang='lat' dir='ltr'><strong>I,</strong></span> <span class='ocrx_word' id='word_1_102' title='bbox 620 1570 781 1648; x_wconf 86' lang='lat' dir='ltr'><strong>anagallici</strong></span> <span class='ocrx_word' id='word_1_103' title='bbox 810 1589 874 1628; x_wconf 92' lang='lat' dir='ltr'><strong>une.</strong></span> <span class='ocrx_word' id='word_1_104' title='bbox 898 1570 926 1639; x_wconf 84' lang='grc' dir='ltr'><strong>Ι,</strong></span> <span class='ocrx_word' id='word_1_105' title='bbox 957 1571 1051 1646; x_wconf 86' lang='lat' dir='ltr'><strong>amyli</strong></span> <span class='ocrx_word' id='word_1_106' title='bbox 1080 1589 1154 1628; x_wconf 86' lang='lat' dir='ltr'><strong>sem-</strong></span> 
     </span>
     <span class='ocr_line' id='line_1_15' title="bbox 142 1658 1154 1738; baseline 0.003 -22"><span class='ocrx_word' id='word_1_107' title='bbox 142 1660 273 1732; x_wconf 86' lang='lat' dir='ltr'><strong>unciam,</strong></span> <span class='ocrx_word' id='word_1_108' title='bbox 302 1658 462 1717; x_wconf 79' lang='lat' dir='ltr'><strong>oommixta</strong></span> <span class='ocrx_word' id='word_1_109' title='bbox 485 1660 515 1716; x_wconf 89' lang='lat' dir='ltr'><strong>et</strong></span> <span class='ocrx_word' id='word_1_110' title='bbox 537 1659 569 1716; x_wconf 89' lang='lat' dir='ltr'><strong>in</strong></span> <span class='ocrx_word' id='word_1_111' title='bbox 591 1661 653 1717; x_wconf 90' lang='lat' dir='ltr'><strong>tres</strong></span> <span class='ocrx_word' id='word_1_112' title='bbox 675 1662 776 1734; x_wconf 80' lang='lat' dir='ltr'><strong>partes</strong></span> <span class='ocrx_word' id='word_1_113' title='bbox 799 1659 895 1720; x_wconf 90' lang='lat' dir='ltr'><strong>divisa</strong></span> <span class='ocrx_word' id='word_1_114' title='bbox 919 1679 954 1717; x_wconf 84' lang='lat' dir='ltr'><strong>ex</strong></span> <span class='ocrx_word' id='word_1_115' title='bbox 976 1660 1045 1719; x_wconf 88' lang='lat' dir='ltr'><strong>vino</strong></span> <span class='ocrx_word' id='word_1_116' title='bbox 1068 1660 1154 1738; x_wconf 84' lang='lat' dir='ltr'><strong>nigro</strong></span> 
     </span>
     <span class='ocr_line' id='line_1_16' title="bbox 100 1746 898 1825; baseline 0.003 -19"><span class='ocrx_word' id='word_1_117' title='bbox 100 1767 127 1807; x_wconf 79' lang='lat'><strong>15</strong></span> <span class='ocrx_word' id='word_1_118' title='bbox 142 1746 292 1806; x_wconf 86' lang='lat' dir='ltr'><strong>suffundas</strong></span> <span class='ocrx_word' id='word_1_119' title='bbox 315 1747 437 1806; x_wconf 86' lang='lat' dir='ltr'><strong>naribus</strong></span> <span class='ocrx_word' id='word_1_120' title='bbox 460 1749 694 1824; x_wconf 85' lang='lat' dir='ltr'><strong>sanguinemque</strong></span> <span class='ocrx_word' id='word_1_121' title='bbox 717 1748 898 1825; x_wconf 85' lang='lat' dir='ltr'><strong>praecludas.</strong></span> 
     </span>
    </p>
   </div>
   <div class='ocr_carea' id='block_1_5' title="bbox 368 1954 924 2039">
    <p class='ocr_par' dir='ltr' id='par_1_5' title="bbox 368 1954 924 2039">
     <span class='ocr_line' id='line_1_17' title="bbox 368 1954 924 2039; baseline 0.004 -21"><span class='ocrx_word' id='word_1_122' title='bbox 368 1954 437 2020; x_wconf 83' lang='lat' dir='ltr'><strong>LV.</strong></span> <span class='ocrx_word' id='word_1_123' title='bbox 462 1954 512 2020; x_wconf 87' lang='lat' dir='ltr'><strong>De</strong></span> <span class='ocrx_word' id='word_1_124' title='bbox 534 1956 730 2037; x_wconf 76' lang='lat' dir='ltr'><strong>infestatione</strong></span> <span class='ocrx_word' id='word_1_125' title='bbox 752 1958 924 2039; x_wconf 68' lang='lat' dir='ltr'><strong>suaquarta</strong></span> 
     </span>
    </p>
   </div>
   <div class='ocr_carea' id='block_1_6' title="bbox 141 2083 1314 2250">
    <p class='ocr_par' dir='ltr' id='par_1_6' title="bbox 141 2083 1314 2250">
     <span class='ocr_line' id='line_1_18' title="bbox 187 2083 1314 2164; baseline -0.001 -23"><span class='ocrx_word' id='word_1_126' title='bbox 187 2161 189 2164; x_wconf 22' lang='grc' dir='ltr'><strong>Ι</strong></span> <span class='ocrx_word' id='word_1_127' title='bbox 207 2083 330 2142; x_wconf 85' lang='lat' dir='ltr'><strong>Animal</strong></span> <span class='ocrx_word' id='word_1_128' title='bbox 352 2085 495 2161; x_wconf 84' lang='lat' dir='ltr'><strong>sanguine</strong></span> <span class='ocrx_word' id='word_1_129' title='bbox 518 2083 654 2144; x_wconf 88' lang='lat' dir='ltr'><strong>laborare</strong></span> <span class='ocrx_word' id='word_1_130' title='bbox 677 2085 750 2143; x_wconf 90' lang='lat' dir='ltr'><strong>haec</strong></span> <span class='ocrx_word' id='word_1_131' title='bbox 774 2085 858 2162; x_wconf 83' lang='lat' dir='ltr'><strong>signa</strong></span> <span class='ocrx_word' id='word_1_132' title='bbox 881 2085 1048 2145; x_wconf 88' lang='lat' dir='ltr'><strong>declarant:</strong></span> <span class='ocrx_word' id='word_1_133' title='bbox 1076 2088 1193 2145; x_wconf 88' lang='lat' dir='ltr'><strong>eculin</strong></span> <span class='ocrx_word' id='word_1_134' title='bbox 1207 2103 1232 2142; x_wconf 81' lang='lat' dir='ltr'><strong>av</strong></span> <span class='ocrx_word' id='word_1_135' title='bbox 1247 2101 1314 2141; x_wconf 73' lang='lat' dir='ltr'><strong>seen.</strong></span> 
     </span>
     <span class='ocr_line' id='line_1_19' title="bbox 141 2172 1155 2250; baseline 0.002 -19"><span class='ocrx_word' id='word_1_136' title='bbox 141 2172 313 2248; x_wconf 85' lang='lat' dir='ltr'><strong>tumebant,</strong></span> <span class='ocrx_word' id='word_1_137' title='bbox 343 2173 486 2250; x_wconf 85' lang='lat' dir='ltr'><strong>frigidum</strong></span> <span class='ocrx_word' id='word_1_138' title='bbox 513 2174 571 2232; x_wconf 89' lang='lat' dir='ltr'><strong>erit</strong></span> <span class='ocrx_word' id='word_1_139' title='bbox 598 2191 703 2250; x_wconf 88' lang='lat' dir='ltr'><strong>empus</strong></span> <span class='ocrx_word' id='word_1_140' title='bbox 733 2176 764 2232; x_wconf 92' lang='lat' dir='ltr'><strong>et</strong></span> <span class='ocrx_word' id='word_1_141' title='bbox 787 2176 898 2243; x_wconf 87' lang='lat' dir='ltr'><strong>cervix,</strong></span> <span class='ocrx_word' id='word_1_142' title='bbox 921 2176 1048 2234; x_wconf 88' lang='lat' dir='ltr'><strong>tristitia</strong></span> <span class='ocrx_word' id='word_1_143' title='bbox 1071 2176 1155 2234; x_wconf 84' lang='lat' dir='ltr'><strong>fasti-</strong></span> 
     </span>
    </p>
   </div>
   <div class='ocr_carea' id='block_1_7' title="bbox 214 2358 1048 2416">
    <p class='ocr_par' dir='ltr' id='par_1_7' title="bbox 214 2358 1048 2416">
     <span class='ocr_line' id='line_1_20' title="bbox 214 2358 1048 2416; baseline 0.004 -4"><span class='ocrx_word' id='word_1_144' title='bbox 214 2358 322 2414; x_wconf 77' lang='lat' dir='ltr'><strong>lchir.</strong></span> <span class='ocrx_word' id='word_1_145' title='bbox 338 2376 361 2414; x_wconf 86' lang='lat' dir='ltr'><strong>o.</strong></span> <span class='ocrx_word' id='word_1_146' title='bbox 377 2365 437 2413; x_wconf 76' lang='lat'>242.</span> <span class='ocrx_word' id='word_1_147' title='bbox 510 2359 734 2414; x_wconf 63' lang='lat' dir='ltr'><strong>rechimeris.</strong></span> <span class='ocrx_word' id='word_1_148' title='bbox 808 2360 1048 2416; x_wconf 67' lang='lat' dir='ltr'><strong>luchiacum.</strong></span> 
     </span>
    </p>
   </div>
   <div class='ocr_carea' id='block_1_8' title="bbox 140 2536 1220 3675">
    <p class='ocr_par' dir='ltr' id='par_1_8' title="bbox 140 2536 1220 2892">
     <span class='ocr_line' id='line_1_21' title="bbox 214 2536 1155 2609; baseline 0.003 -20"><span class='ocrx_word' id='word_1_149' title='bbox 214 2544 228 2588; x_wconf 94' lang='lat'>1</span> <span class='ocrx_word' id='word_1_150' title='bbox 254 2536 381 2606; x_wconf 83' lang='lat' dir='ltr'><strong>simphiti</strong></span> <span class='ocrx_word' id='word_1_151' title='bbox 405 2556 432 2606; x_wconf 87' lang='lat' dir='ltr'><strong>p.</strong></span> <span class='ocrx_word' id='word_1_152' title='bbox 451 2537 478 2590; x_wconf 90' lang='lat'><strong>11</strong></span> <span class='ocrx_word' id='word_1_153' title='bbox 501 2539 528 2592; x_wconf 93' lang='grc' dir='ltr'><strong><em>Ρ</em></strong></span> <span class='ocrx_word' id='word_1_154' title='bbox 548 2539 583 2604; x_wconf 80' lang='lat' dir='ltr'><strong>ef.</strong></span> <span class='ocrx_word' id='word_1_155' title='bbox 608 2540 669 2593; x_wconf 80' lang='lat' dir='ltr'><strong>thes.</strong></span> <span class='ocrx_word' id='word_1_156' title='bbox 689 2539 767 2608; x_wconf 73' lang='lat' dir='ltr'><strong>plone.</strong></span> <span class='ocrx_word' id='word_1_157' title='bbox 786 2555 806 2592; x_wconf 86' lang='lat' dir='ltr'><strong>s.</strong></span> <span class='ocrx_word' id='word_1_158' title='bbox 826 2555 850 2592; x_wconf 85' lang='lat' dir='ltr'><strong>v.</strong></span> <span class='ocrx_word' id='word_1_159' title='bbox 875 2538 948 2592; x_wconf 88' lang='lat' dir='ltr'><strong>alica</strong></span> <span class='ocrx_word' id='word_1_160' title='bbox 975 2538 1073 2594; x_wconf 87' lang='lat' dir='ltr'><strong>leticia</strong></span> <span class='ocrx_word' id='word_1_161' title='bbox 1095 2559 1122 2609; x_wconf 91' lang='lat' dir='ltr'><strong>p.</strong></span> <span class='ocrx_word' id='word_1_162' title='bbox 1142 2540 1155 2592; x_wconf 93' lang='lat' dir='ltr'>I</span> 
     </span>
     <span class='ocr_line' id='line_1_22' title="bbox 144 2607 1220 2680; baseline 0.001 -17"><span class='ocrx_word' id='word_1_163' title='bbox 144 2609 217 2663; x_wconf 70' lang='lat' dir='ltr'><strong>cuir.</strong></span> <span class='ocrx_word' id='word_1_164' title='bbox 239 2607 392 2678; x_wconf 81' lang='lat' dir='ltr'><strong>anagallici</strong></span> <span class='ocrx_word' id='word_1_165' title='bbox 410 2609 481 2680; x_wconf 78' lang='lat' dir='ltr'><strong>culp.</strong></span> <span class='ocrx_word' id='word_1_166' title='bbox 502 2623 526 2662; x_wconf 89' lang='lat' dir='ltr'><strong>a.</strong></span> <span class='ocrx_word' id='word_1_167' title='bbox 541 2627 604 2663; x_wconf 91' lang='lat' dir='ltr'><strong>unc.</strong></span> <span class='ocrx_word' id='word_1_168' title='bbox 620 2609 703 2664; x_wconf 86' lang='lat' dir='ltr'><strong>semis</strong></span> <span class='ocrx_word' id='word_1_169' title='bbox 722 2611 750 2664; x_wconf 99' lang='lat' dir='ltr'><strong><em>A</em></strong></span> <span class='ocrx_word' id='word_1_170' title='bbox 775 2612 779 2678; x_wconf 99' lang='grc' dir='ltr'>Ι</span> <span class='ocrx_word' id='word_1_171' title='bbox 804 2625 877 2678; x_wconf 89' lang='lat' dir='ltr'><strong>quae</strong></span> <span class='ocrx_word' id='word_1_172' title='bbox 895 2627 945 2664; x_wconf 86' lang='lat' dir='ltr'><strong>om.</strong></span> <span class='ocrx_word' id='word_1_173' title='bbox 961 2611 1039 2679; x_wconf 83' lang='grc' dir='ltr'><strong>ΡΙΙὸ</strong></span> <span class='ocrx_word' id='word_1_174' title='bbox 1058 2629 1093 2664; x_wconf 88' lang='lat' dir='ltr'><strong>m.</strong></span> <span class='ocrx_word' id='word_1_175' title='bbox 1110 2628 1155 2664; x_wconf 90' lang='lat' dir='ltr'><strong>oo·</strong></span> <span class='ocrx_word' id='word_1_176' title='bbox 1217 2659 1220 2664; x_wconf 21' lang='grc' dir='ltr'><strong>Δ</strong></span> 
     </span>
     <span class='ocr_line' id='line_1_23' title="bbox 142 2679 1158 2749; baseline 0.004 -16"><span class='ocrx_word' id='word_1_177' title='bbox 142 2679 246 2734; x_wconf 89' lang='lat' dir='ltr'><strong>olearia</strong></span> <span class='ocrx_word' id='word_1_178' title='bbox 265 2679 320 2732; x_wconf 90' lang='lat' dir='ltr'><strong>duo</strong></span> <span class='ocrx_word' id='word_1_179' title='bbox 339 2680 367 2733; x_wconf 88' lang='lat' dir='ltr'><strong><em>A</em></strong></span> <span class='ocrx_word' id='word_1_180' title='bbox 385 2679 468 2734; x_wconf 92' lang='lat' dir='ltr'><strong>melle</strong></span> <span class='ocrx_word' id='word_1_181' title='bbox 491 2680 636 2734; x_wconf 87' lang='lat' dir='ltr'><strong>cocleariis</strong></span> <span class='ocrx_word' id='word_1_182' title='bbox 655 2681 681 2734; x_wconf 85' lang='lat' dir='ltr'><strong>d.</strong></span> <span class='ocrx_word' id='word_1_183' title='bbox 697 2684 725 2736; x_wconf 91' lang='lat' dir='ltr'><strong><em>P</em></strong></span> <span class='ocrx_word' id='word_1_184' title='bbox 752 2682 755 2749; x_wconf 95' lang='grc' dir='ltr'>Ι</span> <span class='ocrx_word' id='word_1_185' title='bbox 786 2680 979 2735; x_wconf 88' lang='lat' dir='ltr'><strong>et—duobus</strong></span> <span class='ocrx_word' id='word_1_186' title='bbox 998 2699 1048 2736; x_wconf 83' lang='lat' dir='ltr'><strong>em.</strong></span> <span class='ocrx_word' id='word_1_187' title='bbox 1063 2683 1158 2737; x_wconf 84' lang='lat' dir='ltr'><strong>FAP</strong></span> 
     </span>
     <span class='ocr_line' id='line_1_24' title="bbox 140 2750 1153 2823; baseline 0.003 -19"><span class='ocrx_word' id='word_1_188' title='bbox 140 2752 220 2805; x_wconf 82' lang='lat' dir='ltr'><strong>habet</strong></span> <span class='ocrx_word' id='word_1_189' title='bbox 239 2751 311 2805; x_wconf 74' lang='lat' dir='ltr'><strong>ota.</strong></span> <span class='ocrx_word' id='word_1_190' title='bbox 335 2753 345 2820; x_wconf 95' lang='grc' dir='ltr'><strong>ΙΙ</strong></span> <span class='ocrx_word' id='word_1_191' title='bbox 367 2757 383 2804; x_wconf 85' lang='grc'>4</span> <span class='ocrx_word' id='word_1_192' title='bbox 402 2750 531 2820; x_wconf 87' lang='lat' dir='ltr'><strong>plurimis</strong></span> <span class='ocrx_word' id='word_1_193' title='bbox 549 2753 589 2805; x_wconf 84' lang='lat' dir='ltr'><strong>ed.</strong></span> <span class='ocrx_word' id='word_1_194' title='bbox 601 2769 645 2820; x_wconf 76' lang='lat' dir='ltr'><strong>pr.</strong></span> <span class='ocrx_word' id='word_1_195' title='bbox 669 2753 678 2820; x_wconf 94' lang='grc' dir='ltr'><strong>ΙΙ</strong></span> <span class='ocrx_word' id='word_1_196' title='bbox 705 2753 856 2813; x_wconf 80' lang='lat' dir='ltr'><strong>¹deanetur</strong></span> <span class='ocrx_word' id='word_1_197' title='bbox 874 2755 902 2807; x_wconf 94' lang='lat' dir='ltr'><strong><em>P</em></strong></span> <span class='ocrx_word' id='word_1_198' title='bbox 923 2753 929 2823; x_wconf 93' lang='grc' dir='ltr'>Ι</span> <span class='ocrx_word' id='word_1_199' title='bbox 954 2753 1040 2806; x_wconf 86' lang='lat' dir='ltr'><strong>etiam</strong></span> <span class='ocrx_word' id='word_1_200' title='bbox 1057 2755 1097 2807; x_wconf 84' lang='lat' dir='ltr'><strong>ed.</strong></span> <span class='ocrx_word' id='word_1_201' title='bbox 1108 2772 1153 2823; x_wconf 83' lang='lat' dir='ltr'><strong>pr.</strong></span> 
     </span>
     <span class='ocr_line' id='line_1_25' title="bbox 142 2821 832 2892; baseline 0.001 -17"><span class='ocrx_word' id='word_1_202' title='bbox 142 2821 243 2875; x_wconf 85' lang='lat' dir='ltr'><strong>evulsis</strong></span> <span class='ocrx_word' id='word_1_203' title='bbox 258 2823 303 2890; x_wconf 89' lang='grc' dir='ltr'><strong>ΡΙ</strong></span> <span class='ocrx_word' id='word_1_204' title='bbox 319 2822 445 2876; x_wconf 88' lang='lat' dir='ltr'><strong>tentione</strong></span> <span class='ocrx_word' id='word_1_205' title='bbox 464 2825 491 2876; x_wconf 89' lang='lat' dir='ltr'><strong><em>A</em></strong></span> <span class='ocrx_word' id='word_1_206' title='bbox 505 2825 514 2892; x_wconf 94' lang='grc' dir='ltr'><strong>ΙΙ</strong></span> <span class='ocrx_word' id='word_1_207' title='bbox 529 2829 544 2875; x_wconf 88' lang='grc'><strong>6</strong></span> <span class='ocrx_word' id='word_1_208' title='bbox 562 2841 603 2891; x_wconf 83' lang='lat' dir='ltr'><strong>pr.</strong></span> <span class='ocrx_word' id='word_1_209' title='bbox 618 2823 689 2876; x_wconf 91' lang='lat' dir='ltr'><strong>baec</strong></span> <span class='ocrx_word' id='word_1_210' title='bbox 707 2823 785 2892; x_wconf 90' lang='lat' dir='ltr'><strong>potio</strong></span> <span class='ocrx_word' id='word_1_211' title='bbox 804 2825 832 2877; x_wconf 93' lang='lat' dir='ltr'><strong><em>P</em></strong></span> 
     </span>
    </p>

    <p class='ocr_par' dir='ltr' id='par_1_9' title="bbox 140 2892 1156 3533">
     <span class='ocr_line' id='line_1_26' title="bbox 213 2892 1154 2964; baseline 0.002 -19"><span class='ocrx_word' id='word_1_212' title='bbox 213 2897 228 2945; x_wconf 78' lang='lat'><strong>7</strong></span> <span class='ocrx_word' id='word_1_213' title='bbox 248 2893 382 2946; x_wconf 88' lang='lat' dir='ltr'><strong>emittunt</strong></span> <span class='ocrx_word' id='word_1_214' title='bbox 395 2896 423 2948; x_wconf 93' lang='lat' dir='ltr'><strong><em>P</em></strong></span> <span class='ocrx_word' id='word_1_215' title='bbox 434 2896 473 2963; x_wconf 84' lang='grc' dir='ltr'><strong>Ι19</strong></span> <span class='ocrx_word' id='word_1_216' title='bbox 492 2892 581 2948; x_wconf 89' lang='lat' dir='ltr'><strong>veluti</strong></span> <span class='ocrx_word' id='word_1_217' title='bbox 597 2912 619 2946; x_wconf 89' lang='lat' dir='ltr'><strong>r.</strong></span> <span class='ocrx_word' id='word_1_218' title='bbox 633 2912 658 2947; x_wconf 92' lang='lat' dir='ltr'><strong>v.</strong></span> <span class='ocrx_word' id='word_1_219' title='bbox 673 2895 713 2948; x_wconf 86' lang='lat' dir='ltr'><strong>ed.</strong></span> <span class='ocrx_word' id='word_1_220' title='bbox 724 2912 769 2964; x_wconf 85' lang='lat' dir='ltr'><strong>pr.</strong></span> <span class='ocrx_word' id='word_1_221' title='bbox 787 2897 790 2962; x_wconf 97' lang='grc' dir='ltr'>Ι</span> <span class='ocrx_word' id='word_1_222' title='bbox 808 2893 942 2964; x_wconf 85' lang='lat' dir='ltr'><strong>disruptis</strong></span> <span class='ocrx_word' id='word_1_223' title='bbox 957 2897 985 2949; x_wconf 94' lang='lat' dir='ltr'><strong><em>P</em></strong></span> <span class='ocrx_word' id='word_1_224' title='bbox 996 2897 1005 2964; x_wconf 96' lang='grc' dir='ltr'><strong>ΙΙ</strong></span> <span class='ocrx_word' id='word_1_225' title='bbox 1021 2900 1053 2948; x_wconf 88' lang='grc'>10</span> <span class='ocrx_word' id='word_1_226' title='bbox 1072 2895 1154 2948; x_wconf 89' lang='lat' dir='ltr'><strong>strin-</strong></span> 
     </span>
     <span class='ocr_line' id='line_1_27' title="bbox 141 2963 1155 3036; baseline 0.004 -20"><span class='ocrx_word' id='word_1_227' title='bbox 141 2963 219 3034; x_wconf 76' lang='lat' dir='ltr'><strong>gitur</strong></span> <span class='ocrx_word' id='word_1_228' title='bbox 237 2965 265 3018; x_wconf 91' lang='lat' dir='ltr'><strong><em>A</em></strong></span> <span class='ocrx_word' id='word_1_229' title='bbox 285 2967 289 3032; x_wconf 97' lang='grc' dir='ltr'>Ι</span> <span class='ocrx_word' id='word_1_230' title='bbox 309 2964 396 3018; x_wconf 88' lang='lat' dir='ltr'><strong>etiem</strong></span> <span class='ocrx_word' id='word_1_231' title='bbox 415 2983 441 3034; x_wconf 92' lang='lat' dir='ltr'><strong>p.</strong></span> <span class='ocrx_word' id='word_1_232' title='bbox 458 2966 497 3019; x_wconf 84' lang='lat' dir='ltr'><strong>ed.</strong></span> <span class='ocrx_word' id='word_1_233' title='bbox 511 2982 556 3034; x_wconf 80' lang='lat' dir='ltr'><strong>pr.</strong></span> <span class='ocrx_word' id='word_1_234' title='bbox 572 2966 600 3020; x_wconf 89' lang='lat' dir='ltr'><strong><em>A</em></strong></span> <span class='ocrx_word' id='word_1_235' title='bbox 615 2968 619 3034; x_wconf 98' lang='grc' dir='ltr'>Ι</span> <span class='ocrx_word' id='word_1_236' title='bbox 639 2965 785 3035; x_wconf 87' lang='lat' dir='ltr'><strong>postulant</strong></span> <span class='ocrx_word' id='word_1_237' title='bbox 803 2967 831 3021; x_wconf 89' lang='lat' dir='ltr'><strong><em>A</em></strong></span> <span class='ocrx_word' id='word_1_238' title='bbox 846 2968 851 3035; x_wconf 97' lang='grc' dir='ltr'>Ι</span> <span class='ocrx_word' id='word_1_239' title='bbox 867 2966 969 3034; x_wconf 84' lang='lat' dir='ltr'><strong>quibus</strong></span> <span class='ocrx_word' id='word_1_240' title='bbox 988 2966 1028 3020; x_wconf 85' lang='lat' dir='ltr'><strong>sic</strong></span> <span class='ocrx_word' id='word_1_241' title='bbox 1047 2966 1098 3034; x_wconf 91' lang='lat' dir='ltr'><strong>(ita</strong></span> <span class='ocrx_word' id='word_1_242' title='bbox 1112 2967 1155 3036; x_wconf 81' lang='lat' dir='ltr'><strong>F)</strong></span> 
     </span>
     <span class='ocr_line' id='line_1_28' title="bbox 142 3034 1154 3106; baseline 0.002 -18"><span class='ocrx_word' id='word_1_243' title='bbox 142 3034 290 3088; x_wconf 87' lang='lat' dir='ltr'><strong>subvenias</strong></span> <span class='ocrx_word' id='word_1_244' title='bbox 313 3036 377 3090; x_wconf 81' lang='lat' dir='ltr'><strong>add.</strong></span> <span class='ocrx_word' id='word_1_245' title='bbox 393 3037 454 3091; x_wconf 83' lang='lat' dir='ltr'><strong>PF</strong></span> <span class='ocrx_word' id='word_1_246' title='bbox 476 3038 480 3104; x_wconf 99' lang='grc' dir='ltr'>Ι</span> <span class='ocrx_word' id='word_1_247' title='bbox 505 3037 787 3090; x_wconf 78' lang='lat' dir='ltr'><strong>sucum-infundes</strong></span> <span class='ocrx_word' id='word_1_248' title='bbox 806 3054 856 3091; x_wconf 85' lang='lat' dir='ltr'><strong>om.</strong></span> <span class='ocrx_word' id='word_1_249' title='bbox 872 3039 899 3091; x_wconf 92' lang='lat' dir='ltr'><strong><em>P</em></strong></span> <span class='ocrx_word' id='word_1_250' title='bbox 924 3039 933 3106; x_wconf 96' lang='grc' dir='ltr'><strong>ΙΙ</strong></span> <span class='ocrx_word' id='word_1_251' title='bbox 963 3043 996 3090; x_wconf 94' lang='grc'><strong>11</strong></span> <span class='ocrx_word' id='word_1_252' title='bbox 1013 3037 1083 3105; x_wconf 90' lang='lat' dir='ltr'><strong>Itaq.</strong></span> <span class='ocrx_word' id='word_1_253' title='bbox 1100 3054 1154 3091; x_wconf 89' lang='lat' dir='ltr'><strong>eor.</strong></span> 
     </span>
     <span class='ocr_line' id='line_1_29' title="bbox 141 3105 1155 3178; baseline 0.001 -19"><span class='ocrx_word' id='word_1_254' title='bbox 141 3105 190 3160; x_wconf 92' lang='lat' dir='ltr'><strong>lib.</strong></span> <span class='ocrx_word' id='word_1_255' title='bbox 205 3106 308 3160; x_wconf 69' lang='grc' dir='ltr'><strong>ΠΛΡ</strong></span> <span class='ocrx_word' id='word_1_256' title='bbox 323 3109 384 3176; x_wconf 80' lang='lat' dir='ltr'><strong>(oea.</strong></span> <span class='ocrx_word' id='word_1_257' title='bbox 399 3108 479 3177; x_wconf 91' lang='lat' dir='ltr'><strong>itaq.)</strong></span> <span class='ocrx_word' id='word_1_258' title='bbox 513 3109 518 3176; x_wconf 97' lang='grc' dir='ltr'>Ι</span> <span class='ocrx_word' id='word_1_259' title='bbox 550 3107 595 3161; x_wconf 91' lang='lat' dir='ltr'><strong>vel</strong></span> <span class='ocrx_word' id='word_1_260' title='bbox 613 3124 663 3162; x_wconf 80' lang='lat' dir='ltr'><strong>om.</strong></span> <span class='ocrx_word' id='word_1_261' title='bbox 682 3109 709 3162; x_wconf 86' lang='lat' dir='ltr'><strong><em>A</em></strong></span> <span class='ocrx_word' id='word_1_262' title='bbox 727 3107 773 3162; x_wconf 90' lang='lat' dir='ltr'><strong>vel</strong></span> <span class='ocrx_word' id='word_1_263' title='bbox 792 3108 816 3161; x_wconf 88' lang='lat' dir='ltr'><strong>si</strong></span> <span class='ocrx_word' id='word_1_264' title='bbox 835 3107 889 3161; x_wconf 91' lang='lat' dir='ltr'><strong>def.</strong></span> <span class='ocrx_word' id='word_1_265' title='bbox 905 3125 955 3162; x_wconf 85' lang='lat' dir='ltr'><strong>om.</strong></span> <span class='ocrx_word' id='word_1_266' title='bbox 973 3109 1004 3162; x_wconf 83' lang='lat' dir='ltr'>F</span> <span class='ocrx_word' id='word_1_267' title='bbox 1033 3111 1037 3178; x_wconf 89' lang='grc' dir='ltr'>Ι</span> <span class='ocrx_word' id='word_1_268' title='bbox 1072 3108 1155 3162; x_wconf 88' lang='lat' dir='ltr'><strong>sativi</strong></span> 
     </span>
     <span class='ocr_line' id='line_1_30' title="bbox 141 3177 1155 3249; baseline 0.001 -18"><span class='ocrx_word' id='word_1_269' title='bbox 141 3177 181 3231; x_wconf 86' lang='lat' dir='ltr'><strong>ed.</strong></span> <span class='ocrx_word' id='word_1_270' title='bbox 192 3195 237 3246; x_wconf 84' lang='lat' dir='ltr'><strong>pr.</strong></span> <span class='ocrx_word' id='word_1_271' title='bbox 252 3179 262 3247; x_wconf 95' lang='grc' dir='ltr'><strong>ΙΙ</strong></span> <span class='ocrx_word' id='word_1_272' title='bbox 276 3183 309 3231; x_wconf 78' lang='lat'><strong>12</strong></span> <span class='ocrx_word' id='word_1_273' title='bbox 323 3178 353 3230; x_wconf 91' lang='lat' dir='ltr'><strong>in</strong></span> <span class='ocrx_word' id='word_1_274' title='bbox 367 3195 393 3232; x_wconf 92' lang='lat' dir='ltr'><strong>n.</strong></span> <span class='ocrx_word' id='word_1_275' title='bbox 408 3180 448 3234; x_wconf 85' lang='lat' dir='ltr'><strong>ed.</strong></span> <span class='ocrx_word' id='word_1_276' title='bbox 462 3196 506 3248; x_wconf 83' lang='lat' dir='ltr'><strong>pr.</strong></span> <span class='ocrx_word' id='word_1_277' title='bbox 525 3180 529 3247; x_wconf 92' lang='grc' dir='ltr'>Ι</span> <span class='ocrx_word' id='word_1_278' title='bbox 545 3196 572 3248; x_wconf 90' lang='lat' dir='ltr'><strong>p.</strong></span> <span class='ocrx_word' id='word_1_279' title='bbox 587 3180 621 3231; x_wconf 90' lang='lat' dir='ltr'><strong>tr.</strong></span> <span class='ocrx_word' id='word_1_280' title='bbox 636 3179 823 3249; x_wconf 71' lang='lat' dir='ltr'><strong>unaIAFll</strong></span> <span class='ocrx_word' id='word_1_281' title='bbox 838 3185 870 3232; x_wconf 82' lang='lat'><strong>13</strong></span> <span class='ocrx_word' id='word_1_282' title='bbox 885 3179 975 3232; x_wconf 84' lang='lat' dir='ltr'><strong>thuris</strong></span> <span class='ocrx_word' id='word_1_283' title='bbox 990 3179 1155 3248; x_wconf 82' lang='lat' dir='ltr'><strong>pulverizati</strong></span> 
     </span>
     <span class='ocr_line' id='line_1_31' title="bbox 141 3249 1156 3320; baseline 0.001 -18"><span class='ocrx_word' id='word_1_284' title='bbox 141 3249 180 3303; x_wconf 85' lang='lat' dir='ltr'><strong>ed.</strong></span> <span class='ocrx_word' id='word_1_285' title='bbox 192 3266 237 3317; x_wconf 84' lang='lat' dir='ltr'><strong>pr.</strong></span> <span class='ocrx_word' id='word_1_286' title='bbox 253 3249 281 3302; x_wconf 99' lang='lat' dir='ltr'><strong><em>A</em></strong></span> <span class='ocrx_word' id='word_1_287' title='bbox 312 3251 316 3318; x_wconf 97' lang='grc' dir='ltr'>Ι</span> <span class='ocrx_word' id='word_1_288' title='bbox 350 3249 492 3303; x_wconf 85' lang='lat' dir='ltr'><strong>consolido</strong></span> <span class='ocrx_word' id='word_1_289' title='bbox 517 3250 631 3303; x_wconf 88' lang='lat' dir='ltr'><strong>maioris</strong></span> <span class='ocrx_word' id='word_1_290' title='bbox 657 3251 685 3304; x_wconf 96' lang='lat' dir='ltr'><strong><em>P</em></strong></span> <span class='ocrx_word' id='word_1_291' title='bbox 708 3250 743 3316; x_wconf 70' lang='lat' dir='ltr'><strong>ef·</strong></span> <span class='ocrx_word' id='word_1_292' title='bbox 765 3251 826 3304; x_wconf 81' lang='lat' dir='ltr'><strong>thes.</strong></span> <span class='ocrx_word' id='word_1_293' title='bbox 848 3252 926 3320; x_wconf 78' lang='lat' dir='ltr'><strong>ploos.</strong></span> <span class='ocrx_word' id='word_1_294' title='bbox 945 3268 966 3304; x_wconf 86' lang='lat' dir='ltr'><strong>s.</strong></span> <span class='ocrx_word' id='word_1_295' title='bbox 986 3267 1009 3303; x_wconf 87' lang='lat' dir='ltr'><strong>e.</strong></span> <span class='ocrx_word' id='word_1_296' title='bbox 1029 3250 1156 3320; x_wconf 85' lang='lat' dir='ltr'><strong>algalliei</strong></span> 
     </span>
     <span class='ocr_line' id='line_1_32' title="bbox 141 3319 1155 3392; baseline 0.002 -20"><span class='ocrx_word' id='word_1_297' title='bbox 141 3319 267 3374; x_wconf 89' lang='lat' dir='ltr'><strong>radicem</strong></span> <span class='ocrx_word' id='word_1_298' title='bbox 279 3320 373 3388; x_wconf 90' lang='lat' dir='ltr'><strong>pondo</strong></span> <span class='ocrx_word' id='word_1_299' title='bbox 389 3321 462 3376; x_wconf 67' lang='lat' dir='ltr'><strong>caer.</strong></span> <span class='ocrx_word' id='word_1_300' title='bbox 478 3320 630 3390; x_wconf 85' lang='lat' dir='ltr'><strong>anagallioi</strong></span> <span class='ocrx_word' id='word_1_301' title='bbox 644 3323 715 3392; x_wconf 79' lang='lat' dir='ltr'><strong>culp.</strong></span> <span class='ocrx_word' id='word_1_302' title='bbox 733 3323 737 3389; x_wconf 94' lang='grc' dir='ltr'>Ι</span> <span class='ocrx_word' id='word_1_303' title='bbox 753 3321 840 3374; x_wconf 92' lang='lat' dir='ltr'><strong>amoli</strong></span> <span class='ocrx_word' id='word_1_304' title='bbox 853 3323 884 3376; x_wconf 85' lang='lat' dir='ltr'><em>F</em></span> <span class='ocrx_word' id='word_1_305' title='bbox 896 3321 998 3374; x_wconf 88' lang='lat' dir='ltr'><strong>canioli</strong></span> <span class='ocrx_word' id='word_1_306' title='bbox 1012 3322 1040 3375; x_wconf 99' lang='lat' dir='ltr'><strong><em>A</em></strong></span> <span class='ocrx_word' id='word_1_307' title='bbox 1054 3325 1063 3391; x_wconf 95' lang='grc' dir='ltr'><strong>ΙΙ</strong></span> <span class='ocrx_word' id='word_1_308' title='bbox 1078 3328 1111 3375; x_wconf 91' lang='grc'>14</span> <span class='ocrx_word' id='word_1_309' title='bbox 1125 3322 1155 3374; x_wconf 89' lang='lat' dir='ltr'><strong>in</strong></span> 
     </span>
     <span class='ocr_line' id='line_1_33' title="bbox 140 3390 1153 3464; baseline 0.002 -20"><span class='ocrx_word' id='word_1_310' title='bbox 140 3393 198 3444; x_wconf 85' lang='lat' dir='ltr'><strong>tres</strong></span> <span class='ocrx_word' id='word_1_311' title='bbox 218 3390 319 3444; x_wconf 88' lang='lat' dir='ltr'><strong>dividis</strong></span> <span class='ocrx_word' id='word_1_312' title='bbox 338 3409 364 3460; x_wconf 92' lang='lat' dir='ltr'><strong>p.</strong></span> <span class='ocrx_word' id='word_1_313' title='bbox 380 3391 474 3445; x_wconf 89' lang='lat' dir='ltr'><strong>omnia</strong></span> <span class='ocrx_word' id='word_1_314' title='bbox 493 3392 643 3446; x_wconf 84' lang='lat' dir='ltr'><strong>commixta</strong></span> <span class='ocrx_word' id='word_1_315' title='bbox 657 3393 685 3446; x_wconf 91' lang='lat' dir='ltr'><strong><em>A</em></strong></span> <span class='ocrx_word' id='word_1_316' title='bbox 709 3392 713 3464; x_wconf 90' lang='grc' dir='ltr'>Ι</span> <span class='ocrx_word' id='word_1_317' title='bbox 739 3391 832 3446; x_wconf 90' lang='lat' dir='ltr'><strong>divide</strong></span> <span class='ocrx_word' id='word_1_318' title='bbox 846 3393 877 3446; x_wconf 83' lang='lat' dir='ltr'><em>F</em></span> <span class='ocrx_word' id='word_1_319' title='bbox 891 3394 895 3461; x_wconf 96' lang='grc' dir='ltr'>Ι</span> <span class='ocrx_word' id='word_1_320' title='bbox 911 3409 975 3446; x_wconf 89' lang='lat' dir='ltr'><strong>cum</strong></span> <span class='ocrx_word' id='word_1_321' title='bbox 992 3411 1017 3446; x_wconf 92' lang='lat' dir='ltr'><strong>v.</strong></span> <span class='ocrx_word' id='word_1_322' title='bbox 1033 3395 1060 3447; x_wconf 92' lang='lat' dir='ltr'><strong><em>P</em></strong></span> <span class='ocrx_word' id='word_1_323' title='bbox 1077 3410 1110 3447; x_wconf 86' lang='lat' dir='ltr'><strong>ex</strong></span> <span class='ocrx_word' id='word_1_324' title='bbox 1128 3410 1153 3446; x_wconf 92' lang='lat' dir='ltr'><strong>v.</strong></span> 
     </span>
     <span class='ocr_line' id='line_1_34' title="bbox 142 3461 879 3533; baseline 0.003 -18"><span class='ocrx_word' id='word_1_325' title='bbox 142 3463 224 3516; x_wconf 80' lang='lat' dir='ltr'><strong>ettam</strong></span> <span class='ocrx_word' id='word_1_326' title='bbox 244 3463 387 3531; x_wconf 53' lang='grc'>01111115</span> <span class='ocrx_word' id='word_1_327' title='bbox 407 3461 545 3516; x_wconf 85' lang='lat' dir='ltr'><strong>suffundis</strong></span> <span class='ocrx_word' id='word_1_328' title='bbox 563 3464 657 3518; x_wconf 84' lang='lat' dir='ltr'><strong>AFP</strong></span> <span class='ocrx_word' id='word_1_329' title='bbox 670 3465 675 3532; x_wconf 95' lang='grc' dir='ltr'>Ι</span> <span class='ocrx_word' id='word_1_330' title='bbox 690 3463 832 3533; x_wconf 88' lang='lat' dir='ltr'><strong>procludis</strong></span> <span class='ocrx_word' id='word_1_331' title='bbox 851 3464 879 3517; x_wconf 91' lang='lat' dir='ltr'><strong><em>A</em></strong></span> 
     </span>
    </p>

    <p class='ocr_par' dir='ltr' id='par_1_10' title="bbox 143 3533 1151 3675">
     <span class='ocr_line' id='line_1_35' title="bbox 216 3533 1151 3604; baseline 0.001 -19"><span class='ocrx_word' id='word_1_332' title='bbox 216 3537 248 3586; x_wconf 78' lang='lat'><strong>17</strong></span> <span class='ocrx_word' id='word_1_333' title='bbox 264 3533 430 3602; x_wconf 75' lang='lat' dir='ltr'><strong>sanguinem</strong></span> <span class='ocrx_word' id='word_1_334' title='bbox 443 3534 506 3588; x_wconf 85' lang='lat' dir='ltr'><strong>AF</strong></span> <span class='ocrx_word' id='word_1_335' title='bbox 516 3535 526 3602; x_wconf 96' lang='grc' dir='ltr'><strong>ΙΙ</strong></span> <span class='ocrx_word' id='word_1_336' title='bbox 541 3540 573 3588; x_wconf 90' lang='grc'>18</span> <span class='ocrx_word' id='word_1_337' title='bbox 589 3551 623 3588; x_wconf 86' lang='lat' dir='ltr'><strong>ex</strong></span> <span class='ocrx_word' id='word_1_338' title='bbox 636 3535 745 3590; x_wconf 84' lang='lat' dir='ltr'><strong>ceruice</strong></span> <span class='ocrx_word' id='word_1_339' title='bbox 759 3534 930 3603; x_wconf 76' lang='lat' dir='ltr'><strong>sentiumque</strong></span> <span class='ocrx_word' id='word_1_340' title='bbox 943 3534 1090 3604; x_wconf 82' lang='lat' dir='ltr'><strong>inungitur</strong></span> <span class='ocrx_word' id='word_1_341' title='bbox 1103 3536 1130 3587; x_wconf 88' lang='lat' dir='ltr'><strong><em>A</em></strong></span> <span class='ocrx_word' id='word_1_342' title='bbox 1148 3534 1151 3604; x_wconf 93' lang='grc' dir='ltr'>Ι</span> 
     </span>
     <span class='ocr_line' id='line_1_36' title="bbox 143 3603 1048 3675; baseline 0.003 -20"><span class='ocrx_word' id='word_1_343' title='bbox 143 3619 177 3655; x_wconf 82' lang='lat' dir='ltr'><strong>ex</strong></span> <span class='ocrx_word' id='word_1_344' title='bbox 196 3603 288 3656; x_wconf 82' lang='lat' dir='ltr'><strong>cervix</strong></span> <span class='ocrx_word' id='word_1_345' title='bbox 304 3606 344 3658; x_wconf 81' lang='lat' dir='ltr'><strong>sic</strong></span> <span class='ocrx_word' id='word_1_346' title='bbox 362 3605 410 3673; x_wconf 73' lang='lat' dir='ltr'><strong>F!</strong></span> <span class='ocrx_word' id='word_1_347' title='bbox 426 3606 459 3657; x_wconf 89' lang='lat' dir='ltr'><strong>tr.</strong></span> <span class='ocrx_word' id='word_1_348' title='bbox 480 3607 509 3658; x_wconf 91' lang='lat' dir='ltr'><strong>et</strong></span> <span class='ocrx_word' id='word_1_349' title='bbox 526 3604 545 3656; x_wconf 86' lang='lat' dir='ltr'><strong>f.</strong></span> <span class='ocrx_word' id='word_1_350' title='bbox 561 3604 642 3658; x_wconf 88' lang='lat' dir='ltr'><strong>adest</strong></span> <span class='ocrx_word' id='word_1_351' title='bbox 660 3609 688 3661; x_wconf 94' lang='lat' dir='ltr'><strong><em>P</em></strong></span> <span class='ocrx_word' id='word_1_352' title='bbox 702 3608 737 3661; x_wconf 86' lang='lat' dir='ltr'><strong>tr.</strong></span> <span class='ocrx_word' id='word_1_353' title='bbox 752 3605 771 3659; x_wconf 84' lang='lat' dir='ltr'><strong>f.</strong></span> <span class='ocrx_word' id='word_1_354' title='bbox 787 3622 842 3673; x_wconf 89' lang='lat' dir='ltr'><strong>que</strong></span> <span class='ocrx_word' id='word_1_355' title='bbox 860 3605 998 3675; x_wconf 86' lang='lat' dir='ltr'><strong>disiungit</strong></span> <span class='ocrx_word' id='word_1_356' title='bbox 1018 3605 1048 3658; x_wconf 84' lang='lat' dir='ltr'><em>F</em></span> 
     </span>
    </p>
   </div>
   <div class='ocr_carea' id='block_1_9' title="bbox 0 0 1346 3920">
    <p class='ocr_par' dir='ltr' id='par_1_11' title="bbox 0 0 1346 3920">
     <span class='ocr_line' id='line_1_37' title="bbox 0 0 1346 3920; baseline 0 5"><span class='ocrx_word' id='word_1_357' title='bbox 0 0 1346 3920; x_wconf 95' lang='lat' dir='ltr'><strong> </strong></span> 
     </span>
    </p>
   </div>
  </div>
 </body>
</html>
