2684 3926
172 252 235 316 182
610 251 745 307 VEGE'I'I

169 421 251 480 nicos
283 423 314 479 et
346 421 579 496 opisthotonicos
614 421 774 481 sulubriter
805 425 903 481 curat:
939 421 1026 481 dauci
1059 423 1180 482 seminis

169 527 235 568 unc.
255 507 293 584 IL
312 509 423 568 cumini
441 509 637 569 Alexandrini
653 529 718 570 unc.
738 511 778 584 II,
796 511 926 588 agallioi,
944 514 1077 585 castorei,
1096 511 1182 570 abro-

169 599 235 656 toni
264 616 329 656 unc.
357 599 442 676 sing.,
471 600 628 677 trixaginis
655 617 721 658 uno.
739 599 783 673 II,
811 619 937 659 mannae
966 600 1045 659 croci
1071 599 1181 676 uncl,

114 688 155 745 13
169 687 292 764 hyssopi
310 705 375 746 uno.
395 688 419 762 L
441 688 552 763 piperis
570 689 632 746 albi
649 707 787 763 semunc,
810 707 886 764 quae
904 688 1005 748 omnia
1022 688 1181 766 diligenter

169 779 259 834 tunsa
282 779 372 852 atque
395 776 525 835 cribrata
543 777 718 855 redigantur
739 777 950 853 inpuberem,
973 797 1008 836 ex
1032 797 1090 852 quo
1108 778 1180 836 bina
1208 796 1222 836 0

169 865 314 923 coclearia
349 866 436 925 lassis
473 869 503 925 01
534 867 699 942 periculose
731 885 762 925 se
793 866 971 926 habentibus
1011 885 1078 924 cum
1109 885 1179 926 suco

169 953 305 1028 ptisanae
334 953 453 1030 tepidae
483 957 692 1030 propinantur:
722 955 894 1015 fortioribus
923 974 993 1015 vero
1023 973 1090 1014 oum
1116 956 1181 1014 vini

168 1042 277 1101 veteris
301 1043 399 1102 calida
420 1044 539 1102 hemina
562 1043 764 1102 defunduntur
785 1044 818 1101 in
840 1062 882 1118 os,
904 1062 1057 1120 nunquam
1078 1047 1179 1102 tamen

168 1133 231 1190 sine
255 1131 328 1206 olco,
350 1135 474 1208 propter
495 1132 663 1194 leniendam
690 1132 821 1208 potionis
845 1133 1051 1192 amenitatem
1079 1136 1109 1192 01
1131 1151 1179 1191 ca-

112 1221 153 1277 14
168 1220 267 1278 nalem
290 1221 420 1279 faucium
447 1221 653 1298 mitigandum.
694 1220 758 1279 Alii
784 1224 919 1282 auctores
946 1221 1091 1281 eiusmodi
1112 1240 1221 1297 pas-1⁰

168 1311 281 1368 sionem
303 1310 359 1367 hac
382 1309 486 1368 dicunt
507 1311 622 1370 ratione
645 1309 821 1369 curandam:
848 1311 884 1369 de
907 1311 1090 1387 temporibus
1112 1329 1179 1369 san-

168 1398 288 1475 guinem
310 1396 446 1457 detrahes
470 1399 658 1474 excipiesqne
681 1399 852 1477 diligentem
880 1399 996 1458 adiecto
1018 1401 1092 1458 nitri
1113 1401 1178 1474 pul-

167 1505 235 1544 vere
258 1487 319 1545 sale
342 1489 434 1562 atque
453 1490 585 1546 castoreo
605 1488 747 1546 animalia
764 1489 923 1564 perfricari
944 1491 975 1547 et
994 1488 1060 1547 loco
1083 1488 1178 1546 calido

167 1577 261 1634 statui
283 1578 418 1650 oportere
437 1579 527 1651 atque
545 1576 622 1636 hanc
640 1577 740 1636 offerri
757 1577 922 1653 potionem:
945 1578 993 1636 lac
1015 1579 1177 1654 caprinum,

166 1666 275 1737 rutam,
297 1665 386 1723 bacas
409 1664 501 1739 lauri,
524 1665 610 1740 piper
632 1665 745 1740 album,
769 1667 867 1724 oleum
890 1669 921 1724 01
947 1665 1032 1725 fabas
1054 1666 1178 1739 0011110ος
1193 1687 1218 1726 10

163 1751 367 1827 hordeumque
390 1752 482 1812 etiam
503 1752 599 1827 datur,
623 1757 657 1813 ut
681 1754 776 1831 agitet
798 1753 911 1814 edendo
934 1755 1080 1814 maxillas.
1121 1755 1177 1812 Die

165 1842 255 1898 tertio
278 1840 314 1900 da
337 1841 434 1900 cauda
451 1842 626 1920 sanguinem
643 1843 756 1901 tollunt
778 1845 808 1901 01
830 1861 914 1903 renes
935 1843 1039 1902 calidis
1062 1844 1176 1902 unctio·

111 1929 150 1987 15
166 1928 252 1989 nibus
275 1930 385 1989 fovent.
431 1930 585 1990 Interdum
603 1933 695 2001 etiam
712 1932 744 1989 in
762 1932 869 1991 balnea
886 1933 1092 1991 intromittunt
1115 1932 1178 1990 ani·

165 2017 266 2092 melia,
289 2021 323 2077 ut
346 2017 517 2096 diligentius
540 2021 757 2093 concalescant3
785 2021 858 2080 dant
881 2023 972 2080 etiam
994 2020 1102 2080 cotidie
1124 2040 1176 2096 po-

165 2109 270 2166 tiones.
316 2107 420 2168 Fustes
444 2127 560 2185 quoque
583 2109 632 2168 vel
654 2109 690 2168 de
720 2109 810 2168 salice
832 2110 880 2169 vel
903 2109 939 2168 de
961 2109 1066 2169 robore
1089 2111 1122 2168 in
1145 2127 1176 2168 os
1191 2131 1218 2170 ro

164 2197 298 2270 mittunt,
321 2216 358 2256 ne
376 2198 566 2256 maxillarum
584 2217 654 2257 usus
672 2198 841 2258 indormiat.
888 2198 920 2257 Si
938 2199 1043 2258 melius
1066 2198 1173 2258 habere

238 2388 271 2435 10
291 2381 325 2439 cf.
340 2383 398 2437 Pel.
414 2400 436 2438 0.
452 2389 511 2437 211.

237 2561 300 2613 101
325 2577 374 2614 oen.
399 2560 426 2612 L
446 2562 495 2629 qui
519 2560 583 2615 inde
609 2563 645 2616 ob
671 2561 891 2630 opisthotonioos
916 2563 1007 2630 delicit
1030 2580 1114 2632 usqae
1139 2563 1177 2616 oc

164 2648 185 2684 c.
201 2634 279 2696 89,3
308 2635 311 2697 Ι
342 2629 562 2699 obpitostonicos
580 2635 608 2687 A
626 2632 799 2702 epistotouos
817 2633 858 2687 cd.
871 2651 916 2702 pr.
950 2635 955 2703 Ι
990 2633 1064 2688 elabi
1083 2650 1177 2704 morso

165 2701 249 2755 dauci
266 2702 305 2756 cd.
317 2718 361 2770 pr.
382 2701 464 2756 clabo
482 2704 510 2756 A
536 2705 546 2772 ΙΙ
573 2703 765 2772 spetrosilini
783 2721 845 2758 unc.
860 2703 874 2757 I
892 2710 955 2759 anto
973 2704 1036 2758 cim.
1051 2706 1079 2759 A
1106 2709 1111 2771 1
1142 2704 1177 2757 sil

165 2771 304 2827 Gallicum
324 2773 397 2829 0110.
415 2775 425 2843 ΙΙ
446 2778 461 2826 3
480 2774 636 2844 traxaginis
654 2777 682 2829 A
698 2777 702 2845 1
718 2791 832 2845 magma
850 2792 886 2828 cr.
904 2776 976 2830 Ohir.
990 2793 1026 2828 m,
1042 2775 1135 2830 aucari
1149 2777 1177 2829 A

163 2862 199 2897 m.
215 2844 290 2898 croci
307 2861 379 2912 unc,
398 2843 507 2899 auocari
521 2862 583 2899 uno.
599 2847 639 2900 ed.
651 2863 695 2914 pr.
722 2848 732 2915 11
760 2846 865 2899 blaxis
884 2848 913 2900 01
929 2846 1093 2916 periculosis
1111 2846 1175 2900 hab.

164 2916 191 2968 A
205 2917 214 2984 ΙΙ
229 2921 243 2968 7
258 2915 373 2984 tepidae
382 2931 433 2970 om.
443 2918 471 2970 A
484 2917 494 2985 i
508 2921 523 2968 8
538 2916 651 2971 hemina
661 2933 711 2971 orn.
721 2919 749 2972 A
765 2921 769 2985 1
786 2915 967 2971 effunduntur
976 2920 1055 2987 ,1119
1070 2917 1176 2972 lenien-

164 2986 214 3040 das
233 3005 259 3056 p,
276 2987 456 3041 austeritates
475 2988 502 3041 A
515 2989 525 3056 11
540 2994 573 3041 10
587 2988 707 3042 huiusm.
728 2988 872 3057 passiones
890 2987 944 3042 hac
963 2989 1025 3042 dr.
1040 2990 1110 3042 10100
1129 3005 1176 3041 cu-

162 3057 266 3112 randas
285 3060 313 3112 A
331 3057 391 3111 Hac
409 3057 520 3112 ratione
539 3059 671 3112 dicuntur
689 3059 781 3112 curari
799 3059 938 3127 quaedam
956 3061 1005 3129 Pi
1020 3066 1052 3113 12
1072 3059 1176 3113 iniecto

163 3129 202 3182 cd.
215 3145 259 3197 pr.
274 3130 283 3198 ΙΙ
298 3134 330 3182 18
346 3129 451 3183 animal
464 3129 619 3198 perfricant
632 3130 693 3184 loco
704 3147 727 3183 c.
743 3131 865 3185 statuere
880 3129 979 3185 offerre
991 3131 1135 3200 potionem
1149 3132 1177 3184 A

164 3199 294 3253 1101101100
317 3217 372 3267 quo
397 3200 533 3270 sanguine
559 3200 670 3254 adiecto
693 3201 809 3270 pulvere
827 3220 854 3256 n.
869 3204 898 3256 01
921 3204 1047 3256 castoreo
1071 3201 1176 3256 animal

163 3285 309 3338 perunges,
328 3271 358 3324 in
376 3270 439 3325 loco
457 3271 554 3341 tepido
574 3274 680 3326 statues
699 3272 808 3341 dabisq.
828 3273 945 3341 inpetu
964 3273 992 3326 P
1007 3275 1016 3342 ΙΙ
1036 3272 1133 3326 14100
1152 3289 1174 3326 e.

163 3343 310 3409 praeterea
327 3339 401 3395 lauri
418 3341 504 3396 bacas
524 3345 552 3396 P
567 3345 576 3412 ΙΙ
596 3347 628 3396 15
648 3341 667 3395 f.
682 3343 788 3397 solutas
807 3345 846 3397 cd.
858 3361 903 3412 pr.
917 3345 946 3399 A
959 3344 994 3410 cf.
1009 3344 1029 3415 ἕ
1044 3349 1061 3398 7
1078 3343 1176 3398 fabam

164 3410 285 3464 solutam
310 3412 384 3466 eth.
407 3412 488 3467 dabis
506 3414 535 3467 P
563 3416 573 3482 ΙΙ
606 3418 637 3466 17
658 3431 679 3466 ι.
697 3413 819 3482 minues,
844 3430 925 3469 renes
948 3432 975 3467 u.
996 3414 1176 3468 calidissimis

163 3479 270 3534 fovebis
284 3481 313 3534 P
328 3484 357 3535 et
375 3482 475 3536 calidis
489 3483 687 3538 iniectionibus
706 3486 807 3538 vovent
820 3487 848 3538 A
861 3487 870 3552 11
883 3486 924 3557 §5
939 3490 1045 3540 15—16
1062 3503 1112 3540 oea.
1128 3487 1156 3540 P
1167 3488 1177 3555 ΙΙ

165 3556 198 3603 18
217 3551 334 3605 mittunt
353 3552 458 3606 animal
476 3555 504 3606 A
529 3557 539 3623 ΙΙ
563 3559 595 3607 19
615 3553 812 3608 convalescant
829 3556 869 3609 cd.
884 3573 925 3623 pr.
941 3558 968 3610 A
982 3572 1050 3610 corr.
1066 3557 1148 3611 Gon.
1166 3555 1176 3628 11

165 3626 198 3674 20
217 3619 306 3675 iustos
325 3621 369 3675 vel
387 3624 415 3676 A
429 3626 438 3691 ss
453 3628 484 3674 21
505 3642 540 3676 m.
556 3623 648 3677 valere
667 3625 695 3676 A
