2668 3920
537 219 676 274 MVLOM.
696 220 709 270 I
728 226 761 272 22
1111 217 1154 284 45

139 389 311 467 gestionem.
358 389 393 446 In
419 389 481 447 solo
506 391 605 447 autem
629 389 747 464 aequali
770 389 884 447 statues
907 389 1072 446 iumentum
1094 405 1154 446 cer-

139 477 294 553 vicemque
316 478 399 536 illius
421 479 486 538 loro
510 479 624 554 cinges,
649 477 728 553 quod
750 478 882 536 strictius
905 495 993 552 super
1016 476 1154 552 scapulas

140 568 279 625 teneatur
297 565 334 624 ab
359 567 469 642 aliquo,
492 569 526 624 ut
548 586 625 626 vena
642 567 740 644 possit
762 567 871 625 clarius
890 567 1026 625 eminere.
1072 565 1189 624 Tuncd

141 656 297 734 spongiola
315 675 383 714 cum
402 674 480 731 aqua
497 674 605 715 uenam
622 657 719 731 ipsam
738 674 825 731 saepe
846 654 990 732 deterges,
1012 657 1047 712 ut
1064 654 1154 712 altius

112 745 278 807 cemineat.
329 744 472 803 Pollicem
503 764 619 820 quoque
650 745 787 804 sinistrae
816 762 922 802 manus
951 745 1076 804 interius
1106 742 1155 802 de·

141 835 264 909 primes,
291 836 326 891 ut
353 851 412 892 non
439 833 541 892 eludat
573 837 605 892 ot
631 833 774 892 tumidior
805 836 895 908 atqua
921 832 1053 891 inflatior
1072 851 1175 894 ,venam

141 921 291 982 reddatur.
338 920 558 999 Consequentur
584 923 669 982 iuxta
695 924 887 999 praeceptum
917 922 990 980 artis
1020 921 1069 980 vel
1092 922 1155 978 ani-

140 1011 228 1070 malis
251 1012 345 1087 ipsius
368 1013 547 1086 positionem
565 1013 709 1088 sagittam
732 1013 831 1088 exiges
852 1011 967 1070 cotibus
989 1009 1063 1068 bene
1087 1028 1154 1068 acu·

140 1101 245 1158 tatam.
287 1097 464 1159 Observabis
488 1120 605 1176 quoque
628 1120 665 1160 ne
689 1101 779 1159 altius
804 1101 958 1176 imprimas
980 1118 1102 1158 manum
1126 1100 1189 1158 et5

100 1214 126 1258 ro
141 1189 243 1266 gulam
273 1191 364 1264 atque
386 1189 594 1268 gurgulionem
615 1208 737 1264 rumpas
767 1191 797 1248 et
825 1190 965 1248 arteriam
992 1187 1155 1264 prasoides,

140 1279 197 1336 hoc
220 1279 300 1356 cuim
322 1279 436 1336 factum
458 1278 539 1338 vitae
561 1279 726 1354 periculum
749 1278 901 1337 consuevit
923 1279 1039 1336 inferre.
1086 1276 1154 1336 Per·

141 1385 227 1426 cussa
255 1385 331 1426 vena
360 1367 483 1426 faenum
512 1367 561 1426 vel
584 1369 766 1444 farraginem
795 1366 920 1426 viridem
944 1366 981 1425 ad
1009 1365 1156 1425 edendum

142 1473 273 1530 appones
288 1457 420 1530 animali,
439 1458 586 1532 quatenus
601 1457 765 1534 agitatione
779 1455 969 1514 maxillarum
982 1475 1035 1530 per
1048 1471 1155 1514 venam

141 1544 248 1603 melius
278 1546 425 1604 acontizet
458 1547 611 1624 sanguinis
643 1547 782 1621 impetus.
829 1543 903 1602 (lum
940 1546 1039 1603 autem
1070 1544 1188 1620 nigerss

100 1655 127 1696 15
142 1633 191 1691 vel
214 1635 368 1709 corruptus
391 1633 498 1693 humor
522 1653 654 1712 egressus
682 1637 727 1693 est
752 1635 783 1692 et
805 1635 935 1710 coeperit
963 1632 1155 1692 rubicundior

142 1740 264 1780 manare
286 1723 335 1780 uel
357 1723 469 1798 purior,
492 1725 596 1783 statim
618 1725 783 1782 iumentum
805 1723 893 1782 tolles
917 1741 935 1780 a
958 1721 1023 1781 cibo
1043 1723 1078 1800 et
1099 1723 1155 1779 im-

141 1813 241 1886 posita
258 1811 350 1869 fibula
368 1831 461 1872 venae
474 1813 591 1872 uulnus·
602 1812 776 1890 adstringes.
813 1811 849 1871 In
868 1812 959 1888 plaga
974 1830 1043 1870 vero
1062 1812 1155 1886 pitta-

141 1901 220 1958 cium
244 1918 349 1975 pones,
378 1904 413 1960 ut
436 1901 609 1979 diligentius
632 1901 766 1976 claudat,
792 1901 863 1959 licet
886 1899 1008 1976 quidam
1030 1902 1156 1958 utantur

214 2057 229 2104 3
249 2051 322 2105 dhir.
338 2069 360 2105 c.
377 2057 400 2104 7.
474 2058 489 2104 9
510 2051 582 2107 Chir.
599 2071 621 2105 c.
638 2057 660 2105 9.
736 2057 769 2106 14
788 2051 860 2106 Chir.
877 2069 899 2105 c.
916 2057 957 2104 10.

214 2220 228 2264 1
248 2212 309 2266 loco
324 2214 402 2281 ΡΙΙ2
422 2211 542 2281 stringes
556 2213 601 2280 ΡΙ
618 2229 673 2279 quo
687 2211 727 2266 ed.
740 2228 783 2280 pr.
799 2227 871 2279 quae
887 2212 915 2265 A
929 2228 984 2278 quo
1000 2210 1154 2264 districtius

142 2284 169 2336 L
185 2285 188 2352 Ι
205 2283 327 2352 scapulis
345 2283 410 2338 AF
419 2285 458 2352 113
477 2285 612 2352 tangatur
629 2285 662 2336 ut
680 2301 703 2335 v.
718 2301 745 2351 p.
761 2283 796 2336 ab
816 2282 911 2350 aliquo
930 2281 1032 2336 clarius
1051 2281 1155 2336 intueri

140 2356 181 2410 cd.
198 2372 242 2424 pr.
280 2357 283 2424 Ι
320 2355 441 2408 eminere
460 2354 520 2408 LP
540 2370 670 2408 emanare
689 2354 753 2408 AF
786 2356 794 2422 ll
829 2359 845 2406 4
868 2353 1016 2422 spongiola
1034 2352 1062 2404 L
1082 2353 1154 2408 outa.

143 2426 262 2496 spongia
280 2426 345 2480 AF
355 2427 395 2480 ed.
409 2443 451 2494 pr.
471 2425 594 2496 axungia
613 2427 640 2479 P
654 2427 657 2493 l
674 2424 766 2494 ipsam
783 2424 892 2478 lavabis
911 2427 939 2478 et
958 2442 978 2477 a.
994 2424 1021 2477 d.
1035 2425 1076 2479 cd.
1087 2442 1131 2492 pr.
1149 2424 1152 2495 l

141 2499 235 2567 tergas
254 2496 281 2548 L
293 2498 333 2566 l5
353 2496 390 2550 ad
408 2514 435 2565 p.
451 2495 478 2550 L
494 2497 497 2564 Ι
515 2496 628 2550 dextrae
648 2513 682 2549 m.
698 2497 726 2550 A
739 2498 778 2565 lss
798 2495 894 2550 eludat
913 2496 940 2548 L
958 2494 1039 2549 ludat
1057 2497 1097 2550 cd.
1108 2513 1153 2565 pr.

144 2567 216 2623 Can.
237 2567 319 2622 cedat
338 2571 365 2622 P
380 2570 467 2622 utne
486 2567 600 2625 claudat
618 2568 646 2621 A
664 2569 696 2620 ut
715 2568 749 2621 de
768 2583 820 2621 nec
839 2566 962 2622 deludat·
973 2566 1004 2620 F
1020 2569 1030 2636 11
1051 2571 1066 2619 ‘1
1085 2567 1155 2621 reci-

143 2639 227 2692 datur
245 2641 272 2692 A
299 2641 308 2708 [1
336 2644 404 2690 1-9
425 2637 839 2706 consequenter-observabis
858 2655 908 2694 om.
924 2639 952 2693 P
976 2641 985 2708 l
1017 2643 1072 2692 Se.
1093 2638 1155 2692 dari

143 2710 216 2778 (duri
224 2709 316 2780 cea.)
327 2709 529 2764 chalibisAcd.
534 2727 578 2780 pr.
587 2727 637 2764 om.
645 2710 706 2762 FL
722 2712 725 2778 Ι
742 2727 824 2764 exues
834 2711 862 2764 A
872 2724 955 2764 exues
965 2708 1155 2764 cotibusbene

142 2781 178 2834 al.
198 2782 311 2834 acutam
329 2781 360 2834 F
376 2799 396 2834 s.
412 2798 446 2835 ex
470 2781 544 2835 binis
563 2780 674 2835 cutibus
697 2781 862 2834 adcuratam
881 2781 907 2834 L
942 2783 952 2850 ll
988 2786 1003 2834 9
1022 2795 1109 2834 manu
1127 2782 1155 2835 A

142 2869 242 2906 manus
256 2852 333 2924 LPl
350 2859 412 2907 onte
426 2868 508 2921 quoq.
519 2859 630 2922 ponant
648 2853 730 2906 stude
740 2875 741 2878 ¹
750 2855 776 2908 V
786 2869 852 2906 cave
867 2855 905 2907 M
914 2855 924 2922 ΙΙ
939 2858 972 2906 10
990 2851 1155 2922 gurgionem

142 2925 188 2994 ΡΙ
205 2923 338 2978 arteriam
353 2925 381 2978 A
395 2924 512 2978 arterias
522 2924 552 2978 F
564 2924 721 2991 arteriamq.
733 2923 760 2975 L
772 2925 782 2992 ΙΙ
797 2930 828 2978 11
843 2923 919 2978 facto
934 2924 961 2977 L
975 2939 1024 2978 orn.
1039 2924 1079 2978 ed.
1090 2939 1135 2992 pr.
1148 2924 1152 2996 l

143 3011 217 3048 cons.
233 2993 282 3047 inf.
297 3011 355 3064 per.
370 2995 410 3049 cd.
421 3012 466 3064 pr.
481 2997 512 3049 A·
528 2997 736 3064 (nocumentum
750 3011 804 3064 pro
822 2995 890 3064 per.)
912 2997 915 3064 Ι
936 3010 1068 3064 percussa
1086 3010 1162 3062 quo-·

142 3117 198 3169 quc
216 3101 278 3156 FP
288 3104 297 3167 l
317 3105 349 3154 12
368 3081 537 3170 ldmaginem
556 3101 582 3154 L
612 3103 616 3170 Ι
649 3101 767 3158 viridem
785 3101 879 3157 LPF
894 3100 967 3172 Cleir.
988 3120 1037 3156 orn.
1057 3103 1096 3157 ed.
1108 3119 1153 3170 pr.

142 3171 237 3226 videre
251 3174 279 3227 A
295 3172 299 3244 Ι
315 3190 339 3224 v.
354 3173 498 3226 consuevit
513 3173 618 3242 apponi
637 3189 662 3227 a.
679 3173 760 3243 FAp
776 3178 808 3226 13
828 3168 953 3242 adponas
972 3189 997 3226 a.
1012 3173 1053 3227 ed.
1066 3190 1108 3241 pr.
1129 3189 1152 3228 a.

142 3243 224 3298 dabie
235 3245 262 3297 P
276 3245 280 3312 Ι
295 3259 378 3312 perv.
390 3245 537 3312 oraedpr.
552 3246 561 3313 {l
577 3249 610 3297 14
619 3244 727 3298 medius
736 3247 763 3298 P
776 3248 780 3314 1
797 3243 977 3302 adcotidieti.
989 3247 1118 3314 erumpat
1128 3245 1155 3299 L

143 3315 273 3382 erumpat
286 3316 358 3385 culp.
373 3315 408 3380 cf.
423 3331 495 3383 corp.
509 3317 585 3385 ploos.
603 3317 630 3370 V
639 3320 700 3382 560,
715 3321 732 3370 3
754 3317 758 3384 Ι
786 3314 900 3386 sanguis
918 3315 1046 3384 inpactus
1056 3318 1135 3371 ,ΡΜ
1144 3316 1155 3388 ll

144 3390 178 3452 15
192 3388 321 3455 ageretur
334 3386 374 3440 ed.
382 3403 426 3454 pr.
437 3387 548 3456 egestus
563 3387 606 3446 eat
615 3387 679 3442 AF
684 3403 811 3456 egressus
825 3389 868 3440 est
879 3388 1038 3441 Pcoesatus
1053 3388 1096 3440 est
1106 3387 1132 3440 L
1148 3387 1164 3458 l,

52 3459 55 3463 “
142 3455 187 3510 vel
201 3457 241 3511 ed.
248 3474 292 3526 pr.
310 3457 314 3528 Ι
329 3456 511 3510 rubicundior
525 3473 575 3512 om.
585 3459 650 3512 AF
659 3458 720 3512 rub.
735 3464 761 3512 et
773 3458 817 3512 vel
832 3475 881 3512 orn.
897 3459 935 3512 ed.
948 3475 992 3528 pr.
1007 3460 1016 3527 ΙΙ
1031 3463 1063 3512 16
1079 3459 1154 3511 stan-

143 3527 246 3582 temL
274 3528 277 3595 Ι
307 3527 375 3584 tolla
393 3529 477 3598 ΑΕΗ
492 3533 524 3582 17
544 3528 638 3583 fistula
655 3529 770 3584 Ach.
782 3547 826 3597 pr.
857 3531 861 3598 1
890 3545 978 3582 venae
995 3527 1110 3598 plagam
1129 3531 1157 3582 P

143 3599 184 3652 ed.
197 3615 239 3666 pr.
257 3599 261 3668 Ι
277 3599 307 3651 in
325 3615 375 3653 om.
390 3599 440 3668 Lu
455 3605 487 3652 18
506 3599 640 3668 imponas.
651 3601 691 3657 cd.
702 3618 747 3670 pr.
767 3617 855 3670 ponas
874 3601 980 3667 AFPl
997 3597 1111 3654 claudas
1127 3598 1158 3652 F
