2682 3920
177 193 240 258 138
610 190 753 246 *vocum

172 363 219 419 uti
242 363 342 435 natet,
362 379 429 418 eum
451 362 571 435 spartea
598 363 628 419 et
651 361 757 436 pannis
780 361 880 419 vincto
903 360 990 435 pede;
1015 362 1121 436 postea
1143 361 1192 420 iir-

138 449 316 509 4mioribus
339 449 414 508 cibis
442 449 482 507 ad
505 449 642 526 saginam
668 451 828 525 pristinam
855 449 1040 508 reuocandus
1063 453 1116 508 est.
1159 447 1192 508 Si

172 539 281 598 leviter
301 537 427 610 dolebit,
454 539 524 598 rino
548 541 579 596 et
601 538 667 599 oleo
689 539 837 614 tepefacto
861 538 1039 614 perfricetur
1060 539 1093 596 in
1116 538 1190 611 sole;

172 629 199 686 si
222 627 352 686 validius
375 626 512 700 dolebit,
529 629 653 686 ventum
673 629 706 685 in
729 645 845 685 armum
872 628 987 686 mittito
1010 629 1104 702 atquc
1124 646 1191 703 per-

171 716 292 776 tundite
315 735 333 774 a
356 734 474 775 summa
496 715 567 774 iube
585 717 666 774 infra
689 716 802 792 digitos
822 718 901 788 octe,
922 735 958 774 ne
982 717 1191 794 cartilaginem
1220 735 1232 774 s

171 809 287 884 tangas.
329 805 369 864 Et
392 824 461 864 cum
482 803 641 880 inflareris
665 804 762 863 sernia
785 804 832 862 vel
855 806 942 882 virga
964 805 1050 864 mciii
1073 823 1191 864 armum

171 893 302 968 caedito,
332 894 393 953 sale
424 897 454 952 et
481 893 546 954 oleo
569 895 731 970 perfricato
758 894 824 968 ipso
855 893 919 966 die,
945 896 1065 969 postero
1092 896 1190 952 tracte

137 984 278 1058 tuteris,
302 984 387 1042 cuius
410 983 483 1041 haec
506 983 564 1042 erit
587 983 775 1058 compositio:
799 981 915 1042 similae
938 985 1010 1042 seut.
1029 981 1068 1059 II,
1092 984 1119 1041 si
1141 981 1189 1040 de-

170 1073 274 1148 fuerit,
304 1064 427 1147 pollinis
456 1073 570 1130 triticei
603 1074 675 1130 sext.
694 1071 726 1129 Π
755 1089 822 1129 cum
857 1073 939 1130 aceto
971 1072 1034 1130 acri
1062 1073 1093 1129 et
1123 1089 1189 1130 cum

170 1160 266 1220 tribus
297 1161 360 1220 ovis
391 1159 541 1234 miscebis3
576 1160 628 1219 sed
657 1178 782 1220 ovorum
816 1159 913 1219 solum
942 1159 1044 1218 album
1073 1161 1188 1219 mittes:
1204 1179 1231 1218 rc

171 1249 280 1307 adicies
310 1250 402 1307 etiem
432 1249 564 1324 pulveris
594 1251 670 1308 turis
701 1267 765 1308 unc.
785 1267 807 1306 s.
856 1247 938 1317 Quae
968 1249 1069 1308 omnia
1098 1267 1189 1306 manu

171 1337 283 1416 subigis
314 1341 345 1396 et
373 1339 405 1396 in
429 1357 526 1397 armos
556 1337 672 1396 inducis
697 1339 727 1396 et
755 1357 809 1413 per
837 1336 900 1396 dies
931 1337 1040 1396 multos
1071 1355 1189 1394 armum

170 1444 249 1502 aqua
268 1426 365 1485 calida
384 1446 451 1486 cum
465 1427 536 1486 flore
555 1427 637 1484 faeni
650 1425 764 1486 fovebis
784 1425 953 1502 diligenter,
971 1427 1007 1484 ut
1025 1425 1188 1501 mollescat,

169 1517 298 1573 tractam
326 1515 436 1574 cotidie
466 1517 627 1590 imponito,
661 1515 698 1573 de
727 1516 798 1574 rino
832 1533 910 1590 puro
939 1532 1057 1572 armum
1086 1514 1187 1574 lavato

133 1603 326 1663 dadditums
358 1605 556 1682 unguentum:
585 1603 674 1662 bacas
702 1604 782 1663 lauri
809 1603 901 1677 selib,
931 1603 990 1662 olei
1019 1605 1100 1677 sext,
1124 1603 1188 1662 vini
1203 1621 1228 1661 15

169 1692 241 1751 boni
268 1695 350 1760 sert..
380 1694 454 1750 nitri
476 1698 541 1750 nnc.
561 1691 617 1766 111,
647 1692 698 1752 sed
727 1693 841 1750 nitrum
870 1694 901 1750 et
927 1691 1016 1750 bacas
1046 1691 1126 1749 lauri
1154 1693 1187 1749 in

134 1781 153 1839 7
169 1780 322 1856 pulverem
339 1780 455 1858 rediges
475 1783 505 1839 et
523 1780 675 1840 cribrabis.
717 1781 762 1838 ur
781 1799 839 1856 quo
858 1781 891 1839 in
909 1780 979 1853 sole,
1003 1799 1070 1838 cum
1088 1779 1187 1838 calida

170 1887 271 1927 armus
289 1867 470 1928 fomentetus
489 1871 589 1943 fuerit,
611 1869 776 1947 inun'gatur
794 1889 829 1928 ex
847 1869 949 1944 tepido
970 1871 1001 1926 et
1019 1868 1185 1927 diutissime

169 1958 354 2018 confricetur.
392 1957 464 2018 Post
482 1959 667 2034 synchrisma
686 1959 723 2017 ad
743 1957 889 2018 curandos
908 1975 1005 2018 armos
1023 1956 1185 2031 inducitur,

169 2050 285 2105 etcum
307 2047 414 2106 melius
432 2047 579 2124 habuerit,
602 2049 740 2106 natatum
762 2047 885 2106 mittito.
923 2046 1034 2115 Quodsi
1057 2047 1186 2118 eiecerit,
1200 2064 1227 2104 io

168 2137 253 2194 iuxta
276 2136 520 2195 consuetudinem
543 2136 581 2195 ad
603 2139 702 2194 rotam
725 2155 842 2194 armum
869 2136 1006 2210 reponite
1030 2137 1060 2193 et
1083 2153 1186 2210 supra

169 2225 288 2300 scriptis
318 2225 544 2295 medicamentis
575 2228 686 2284 curato.
734 2223 849 2284 Sinon
877 2225 1016 2297 senserit,
1045 2224 1187 2282 ultimum

133 2314 214 2373 8est
245 2316 280 2370 ut
311 2316 425 2372 uratur.
475 2313 562 2372 Armi
594 2313 705 2372 doloris
737 2313 811 2371 haec
842 2315 913 2372 sunt
944 2314 1043 2390 signe:
1056 2378 1064 2399 ἱ
1079 2313 1185 2387 pedem

168 2403 299 2476 priorem
328 2403 445 2460 tentum
474 2404 561 2478 quasi
587 2401 720 2481 rigidum
749 2401 841 2461 aforis
869 2401 1012 2476 extrahit,
1042 2401 1094 2460 sed
1116 2419 1184 2460 con·

170 2490 252 2548 venit
280 2491 389 2565 inspici
418 2489 590 2568 diiigenter,
625 2493 729 2548 utrum
760 2509 795 2548 ex
825 2507 1002 2565 percussura
1033 2489 1082 2548 vel
1114 2508 1184 2548 casu
1199 2507 1224 2547 ss

239 2716 256 2764 2
274 2709 332 2765 Pel.
348 2728 369 2764 c.
385 2717 420 2766 44
440 2711 474 2765 cf.
490 2711 564 2766 cha.
580 2728 603 2768 c.
619 2717 677 2766 580.

238 2929 252 2977 1
274 2925 381 2994 spantia
395 2937 422 2982 ÷
436 2927 465 2978 et
482 2924 563 2993 ponis
582 2925 714 2978 vinctum.
734 2926 807 2994 pede
826 2927 940 2994 etpost
958 2925 985 2980 L
1004 2941 1068 2980 cum
1087 2925 1116 2978 et
1133 2939 1182 2993 pc·

166 3011 230 3050 rora
244 2997 273 3050 et
286 3013 312 3066 p.
328 2995 443 3050 inuncto
457 3014 485 3064 p.
496 2998 525 3049 et
538 2997 603 3064 post
617 2994 636 3048 f.
647 2997 675 3050 A
688 2997 698 3064 ss
712 3002 728 3052 4
743 3014 766 3050 v.
782 2996 812 3049 in
826 3011 904 3052 armo
919 2995 1042 3050 emittite
1057 2997 1086 3048 et
1100 2994 1141 3048 sic
1154 3012 1182 3063 p.

136 3111 138 3115 .
167 3067 194 3122 L
212 3069 328 3122 unctum
350 3067 479 3123 verinum
501 3085 537 3119 m.
557 3066 654 3134 sieque
673 3068 701 3120 A
736 3069 746 3136 ΙΙ
782 3073 797 3120 ὁ
817 3065 1111 3124 annumerasse
1130 3065 1177 3160 Β]

167 3144 183 3191 6
203 3137 333 3192 aurinum
351 3156 374 3192 c.
389 3140 418 3193 A
431 3139 440 3206 ΙΙ
456 3142 470 3190 7
490 3136 537 3190 die
555 3137 686 3206 meeth
704 3155 789 3208 capue
803 3138 842 3192 od
856 3155 878 3193 c.
894 3141 930 3192 63
946 3139 951 3206 Ι
967 3139 1074 3192 straete
1087 3138 1159 3208 culp.

167 3214 183 3261 9
198 3208 340 3264 defuerint
349 3209 389 3263 cd
396 3225 441 3278 pr..
458 3210 462 3277 Ι
478 3206 585 3277 polline
598 3207 728 3263 triticeae
737 3210 765 3263 A
779 3211 788 3278 ΙΙ
803 3214 835 3266 12
851 3208 956 3262 subicis
968 3211 998 3263 et
1012 3209 1121 3262 armoi.
1132 3208 1160 3261 A
1174 3161 1177 3278 i

167 3278 739 3348 13f0vetoA1114tructamAetractam
752 3279 793 3334 ed.
804 3297 849 3350 pr.
864 3281 873 3349 ΙΙ
888 3285 921 3333 17
937 3281 966 3333 et
981 3279 1048 3334 crib.
1064 3296 1115 3334 cm.
1130 3280 1158 3334 P
1177 3278 1180 3350 Ι

166 3367 230 3404 cum
249 3365 326 3417 aqua
342 3367 365 3403 c.
380 3351 409 3404 P
440 3352 449 3418 ΙΙ
486 3355 524 3404 18
539 3352 663 3419 ungatur
681 3367 715 3404 ex
731 3352 753 3404 t.
768 3351 794 3404 d.
810 3353 840 3404 et
857 3349 982 3404 fricetur.
1015 3350 1183 3418 Priusquam
1289 3373 1292 3387 ·

165 3421 297 3490 ungatur,
312 3419 418 3474 cotidie
431 3419 466 3474 de
480 3420 544 3474 vino
554 3437 624 3488 puro
639 3437 748 3475 minum
761 3420 868 3486 levut03
883 3421 998 3476 additur
1007 3422 1183 3489 unguentum

165 3493 194 3546 P
210 3492 655 3559 quiem.poete.-23nratnr.
676 3494 686 3560 ΙΙ
708 3492 900 3546 mediorum
919 3492 986 3545 uA
1013 3494 1022 3560 ΙΙ
1050 3495 1084 3544 23
1104 3489 1183 3544 dolor
1225 3525 1238 3551 ς

165 3561 192 3614 h.
208 3559 295 3614 habet
313 3579 334 3614 s.
350 3562 398 3629 ΡΙΙ
412 3567 447 3616 24
464 3563 576 3615 tannim
595 3563 634 3616 ed.
645 3580 690 3631 pr.
707 3563 734 3616 A
750 3564 754 3629 Ι
770 3562 860 3616 trahit
877 3563 906 3616 P
