2682 3920
501 232 640 287 nuncu.
660 233 673 285 1
691 238 734 300 aa,
750 239 783 286 ae
1106 233 1149 297 59

133 403 182 462 vel
204 406 291 461 rutae
307 404 466 477 ‘quantum
497 401 621 475 sufficit,
651 405 727 460 teres
756 405 786 460 et
813 403 982 461 commisces
1011 405 1041 460 et
1068 405 1148 477 tepe-

134 493 215 550 facto
238 493 329 566 utere,
352 493 397 548 ita
415 493 450 548 ut
468 490 634 550 diutissime
654 492 796 550 confriees
816 493 919 550 contra
937 492 1041 566 pilum,
1064 493 1094 549 et
1116 493 1149 550 in

134 580 200 638 loco
230 580 331 654 tepido
358 582 482 638 unctum
509 581 621 638 animal
649 582 879 655 coopertumque
909 583 1030 640 statues.
1072 579 1182 638 Itemb

133 671 216 743 potio
248 669 309 727 alia
339 670 365 726 si
393 669 489 727 hieme
520 667 667 726 febrierit:
701 670 859 744 gentianae
889 687 954 726 unc.
978 669 1006 742 I,
1041 671 1148 729 aristo-

103 759 257 832 elochiae,
280 758 410 832 hyssopi,
434 757 586 830 absinthii,
610 757 747 816 abrotoni
770 776 828 816 ana
853 776 917 816 unc.
937 758 960 832 I,
985 757 1148 815 caricarum

133 865 199 904 unc.
217 847 270 920 vl,
294 847 413 904 seminis
436 845 498 921 apii
516 864 580 904 unc.
599 846 658 918 III,
681 849 767 904 rutae
786 846 961 905 fasciculum
983 846 1094 904 bonum
1116 847 1148 904 in

134 935 258 994 caccabo
278 953 345 993 cum
368 955 446 1010 aqua
468 934 613 1010 decoques
632 934 670 993 ad
688 935 817 1008 tertiam,
841 937 871 993 et
893 954 960 994 cum
982 935 1148 1011 nigrescere

132 1024 251 1098 viderie,
275 1026 391 1082 coctum
414 1026 466 1082 est.
508 1022 622 1082 Exinde
645 1043 735 1081 unam
762 1023 911 1082 heminam
934 1025 1056 1083 misceto
1080 1043 1147 1082 eum

133 1113 341 1188 suprascriptis
366 1115 396 1170 et
418 1133 472 1188 per
494 1131 585 1171 cornu
608 1111 743 1170 faucibus
766 1112 924 1172 infundite.

89 1365 117 1404 ιο
216 1338 360 1402 XXXV.
385 1335 423 1402 sa·
445 1337 484 1401 ab
506 1339 707 1419 indigestione
730 1337 775 1401 ccl
793 1337 918 1419 pletura
939 1339 1061 1418 sobriat.

200 1467 232 1527 si
256 1466 335 1544 quod
362 1467 528 1526 iumentum
556 1466 592 1525 ab
619 1466 817 1544 indigestione
843 1468 892 1525 vel
915 1467 1033 1542 pletura
1056 1467 1209 1526 febri-117
1224 1482 1291 1522 eoin.

133 1556 279 1631 citaverit,
297 1555 418 1615 naribus
437 1555 576 1632 spiritum
594 1555 682 1614 ducet
700 1558 730 1614 et
747 1555 802 1614 ilia
819 1557 990 1631 frequenter
1009 1557 1146 1634 agitabit,

132 1646 340 1722 anhelitusque
364 1645 421 1703 erit
438 1645 555 1704 fervens
575 1647 605 1703 ct
628 1644 734 1719 olidus,
758 1645 874 1720 spinam
892 1645 1010 1704 facilius
1033 1646 1145 1704 flectet:

131 1753 202 1792 nam
237 1735 288 1810 qui
318 1753 353 1792 ex
382 1734 572 1809 perfrictione
603 1733 695 1792 febrit
727 1734 841 1812 rigidus
872 1737 929 1808 est,
965 1735 1036 1810 quia
1066 1735 1147 1794 calor

88 1843 117 1883 15
131 1823 264 1881 membra
287 1823 436 1897 dissolvit,
460 1823 554 1900 frigus
578 1823 726 1898 astringit.
772 1823 817 1880 Ex
845 1823 964 1898 pletura
987 1825 1081 1901 igitur
1103 1825 1145 1882 fe-

131 1911 241 1970 brienti
265 1914 399 1987 copiosus
423 1911 543 1988 sanguis
568 1912 716 1970 emittitur
738 1911 774 1968 de
797 1912 922 1986 cervice,
950 1931 1036 1972 nares
1060 1916 1144 1972 aceto

130 2001 339 2076 perfricantur,
354 2003 388 2058 ut
402 2003 549 2059 sternutet
563 2000 689 2076 saepius.
729 2000 843 2059 Venter
857 2021 974 2076 quoque
989 2002 1143 2060 febrientis
1160 2007 1178 2061 2

131 2089 158 2147 si
176 2089 277 2148 durior
294 2089 393 2164 fuerit,
412 2109 465 2165 per
484 2107 574 2147 anum
591 2090 702 2147 iniecta
720 2109 811 2146 manu
829 2091 942 2148 stercus
962 2091 1143 2166 extrahatur,

131 2198 150 2234 a
173 2177 237 2237 cibo
262 2177 418 2252 abstineat,
441 2179 650 2252 parcissimum
671 2180 777 2252 potum
799 2197 853 2252 per
871 2179 1030 2236 intervalia
1052 2180 1144 2237 susci-

87 2287 116 2327 ao
130 2266 209 2342 piat,
232 2270 262 2325 et
284 2269 407 2324 unctum
430 2266 630 2341 suprascripto
654 2265 847 2325 medicamine
871 2265 982 2341 diuque
1005 2267 1144 2325 fricatum

103 2502 107 2510 ,
203 2452 294 2507 3Pel.
310 2470 333 2506 c.
349 2458 390 2506 41.
465 2457 496 2506 11
517 2450 590 2506 Chir.
606 2470 628 2506 c.
646 2457 704 2506 143.
778 2457 810 2504 17
831 2451 903 2506 Chir.
922 2470 944 2506 c.
961 2459 1011 2505 133
1032 2453 1066 2507 cf.
1083 2459 1141 2508 136.

203 2638 217 2682 1
233 2633 295 2683 etr.
313 2631 369 2713 Pel.
402 2633 405 2699 1
435 2648 461 2698 q.
477 2630 591 2699 expedit
605 2647 625 2684 s.
641 2631 671 2700 11.
688 2631 803 2703 sufficit]
818 2633 857 2686 ed.
869 2649 915 2700 pr.
929 2632 956 2686 A
971 2633 1107 2700 quantum
1121 2649 1141 2686 s.

129 2755 170 2808 sa
184 2754 215 2806 r
233 2755 243 2822 1
266 2761 281 2806 e
296 2719 454 2808 1111111
468 2755 592 2808 vinosum
606 2756 636 2808 r
658 2755 662 2822 1
687 2755 840 2808 consumes
855 2757 883 2810 n
900 2758 904 2824 1
924 2756 994 2811 uem
1006 2773 1033 2824 p.
1050 2773 1074 2809 a.
1090 2773 1141 2811 om.

130 2825 224 2880 AFP
235 2827 244 2893 11
259 2830 276 2877 4
289 2827 320 2878 in
333 2826 359 2879 h.
375 2827 400 2880 I«
418 2827 421 2894 1
437 2825 562 2879 febriunt
576 2828 603 2880 P
614 2827 623 2893 11
638 2831 653 2878 5
669 2826 735 2895 ana]
750 2826 923 2897 singulorum
937 2828 977 2882 cd.
989 2844 1043 2895 pr,
1062 2828 1142 2882 Pela-

129 2897 207 2965 pouia'
216 2897 323 2950 numeri
332 2898 465 2964 differunt
478 2900 487 2965 11
501 2902 516 2949 6
528 2897 641 2950 seminis
651 2899 735 2951 ouaP
749 2899 753 2966 1
768 2897 917 2951 fasciolum
926 2900 965 2952 ed.
971 2899 1049 2965 pr.A
1058 2897 1142 2952 fasci-

130 2966 242 3020 clan
256 2969 260 3036 1
276 2967 451 3034 bonnmPf,
461 2968 632 3038 omniaoalp.
648 2970 656 3036 11
672 2973 786 3036 'Iusque
795 2969 867 3023 adP
879 2971 888 3038 11
902 2968 1036 3022 svidebie
1045 2969 1142 3022 decoc-

129 3040 228 3092 tumP
242 3041 246 3106 1
262 3054 348 3091 unam
358 3041 385 3093 P
395 3038 454 3092 vini
467 3040 539 3109 culp.
557 3042 560 3108 1
578 3057 641 3092 cum
656 3056 675 3092 s.
692 3039 803 3108 scriptis
813 3040 841 3094 P
851 3042 907 3094 Pcl.
922 3043 955 3094 ut
969 3058 989 3093 s.
1005 3040 1142 3108 seriptum

129 3110 172 3162 est
181 3111 212 3163 F
219 3109 291 3163 sicut
301 3126 321 3163 s.
333 3127 354 3162 s.
365 3112 408 3163 est
417 3112 457 3165 ed.
464 3129 508 3178 pr.
519 3127 581 3164 oum
593 3128 612 3163 s.
623 3128 642 3163 s.
654 3113 697 3164 est
705 3112 733 3165 A
747 3113 756 3179 11
770 3110 927 3165 9infundes
942 3112 969 3166 A
979 3127 1022 3164 -as
1035 3111 1106 3166 G-is
1116 3113 1144 3165 P

201 3185 233 3233 12
253 3181 332 3234 ducit
348 3181 376 3234 A
407 3184 416 3251 11
449 3187 482 3236 13
501 3198 555 3250 que
574 3198 624 3235 om.
639 3182 703 3235 AF
729 3184 733 3249 1
763 3181 893 3250 frequens
912 3182 939 3235 A
969 3184 973 3250 1
1003 3181 1095 3236 olidus
1113 3184 1141 3237 A

131 3251 202 3306 Obir.
223 3252 318 3306 aridus
337 3253 408 3322 culp.
438 3254 442 3320 1
476 3252 565 3306 flectit
582 3254 610 3306 A
628 3251 717 3306 flectis
737 3254 764 3306 P
780 3253 862 3322 spina
879 3252 992 3306 facilius
1010 3253 1141 3321 frequens

128 3321 217 3376 flectit
235 3325 266 3377 F
277 3326 286 3392 11
302 3328 334 3376 11
353 3341 379 3376 n.
395 3324 424 3376 et
442 3323 491 3392 qui
509 3325 537 3378 A
553 3324 557 3391 1
573 3322 768 3393 perstrictionc
786 3325 814 3378 A
827 3324 867 3378 ed.
877 3340 923 3392 pr.
942 3325 1141 3393 perfricatione

129 3394 208 3462 11Ῥ1
225 3394 299 3448 calet
317 3396 413 3463 Ρ1115
432 3393 560 3463 plectura
578 3396 606 3449 A
629 3397 638 3462 1
662 3400 694 3448 18
713 3411 763 3462 per
781 3411 806 3448 a.
821 3411 871 3448 om.
888 3397 932 3464 Ρ1
949 3397 982 3449 st.
998 3396 1141 3465 egreditur

129 3471 154 3518 et
168 3465 355 3519 abstinebitur
365 3467 392 3519 P
404 3468 413 3534 11
428 3472 460 3518 19
474 3465 677 3533 paucissimum
690 3467 730 3520 ed.
737 3484 782 3535 pr.
798 3482 878 3534 parv-
893 3467 969 3521 codd.
984 3471 993 3528 11
1007 3473 1041 3520 20
1055 3467 1140 3520 uncto

130 3536 157 3588 A
175 3538 276 3588 unctus
291 3537 319 3588 P
330 3537 378 3604 qui
397 3536 426 3589 ct
444 3553 494 3590 om.
515 3539 519 3604 1
541 3539 689 3605 suprascr]
709 3537 852 3590 stomacho
869 3538 900 3591 F
914 3534 957 3592 eto
973 3539 1019 3606 Ρ1
1039 3537 1140 3590 fricato

131 3607 154 3660 A
176 3605 293 3659 fricatur
312 3608 340 3660 P
356 3606 526 3660 confricatur
545 3609 583 3661 M
