2668 3920
181 203 224 266 42
624 200 757 255 VEGETI
793 255 794 258 ,

182 371 311 429 Sulfiuris
340 370 403 429 vivi
427 370 493 429 libr.
513 369 537 445 I,
559 369 717 430 bituminis
738 369 854 430 Iudaici
877 369 943 428 libr.
963 369 990 446 I,
1016 371 1199 446 opopanacis
1315 383 1317 387 ’

181 479 246 518 unc.
270 459 327 532 Vl,
351 460 471 518 acanthi
498 479 563 518 unc.
583 459 640 532 Vl,
664 458 785 537 galbani
810 459 876 517 libr.
896 458 923 534 I,
954 461 1081 518 castorei
1104 459 1199 534 selib,

144 567 147 572 ¹
183 550 259 608 aeris
278 547 446 634 erudiunc.
465 547 518 622 Vl,
537 547 607 608 salis
626 548 834 608 Hammoniaci
852 566 917 606 unc.
932 547 971 621 H,
990 548 1061 606 salis
1081 546 1199 623 (lappa-

181 637 247 696 doci
270 656 334 696 unc.
354 637 409 712 HI,
433 657 524 696 cornu
547 637 668 711 cervini,
690 637 800 712 lapidis
825 639 943 714 gagatis
963 637 1097 712 masculi,
1120 638 1199 713 lapi-

147 730 164 786 2
181 727 227 786 dis
245 729 363 804 gagatis
382 727 509 785 feminae
530 745 587 787 aua
600 745 665 784 unc.
685 725 740 798 IH,
759 726 868 802 lapidis
886 725 1057 786 haematitis
1076 745 1142 785 unc.
1156 726 1198 800 H,
1229 747 1242 786 5

181 815 290 892 lapidis
318 814 460 890 sidentia,
486 815 595 892 lapidis
619 815 761 894 argyritis
790 835 848 874 ana
870 833 935 874 unc.
953 815 978 890 I,
1002 815 1142 890 equuleos
1165 815 1198 874 id

182 908 227 964 est
241 904 420 964 caballiones
435 906 565 962 marinos
579 923 703 963 numero
719 903 785 979 VH,
805 904 914 962 caudas
928 906 1068 978 marinas,
1083 921 1198 982 ungues

181 992 311 1052 marinos
330 1012 388 1052 ana
407 1011 529 1051 numero
550 993 618 1066 VH,
641 1013 717 1051 uvae
735 995 868 1052 marinae
887 1012 952 1052 unc.
971 993 1026 1068 HI,
1050 993 1198 1052 medullae
1320 1061 1321 1064 Ἴ

181 1084 327 1156 cervinae,
346 1082 470 1157 cedmae,
485 1081 559 1157 picis
573 1081 706 1157 liquidae
721 1101 779 1141 ana
792 1081 924 1156 pondera
937 1081 992 1156 III,
1012 1100 1078 1142 essa
1097 1083 1198 1158 sepiae
1301 1083 1303 1086 ’

146 1171 303 1230 3uumero
326 1170 398 1244 VH,
422 1173 489 1230 auri
511 1172 705 1245 semunciam,
730 1170 866 1230 bullucas
889 1171 1043 1246 siliquam:
1072 1172 1102 1230 et
1124 1172 1197 1230 haec
1213 1192 1240 1232 ιο
1320 1225 1321 1244 ,

180 1261 319 1319 universa
342 1262 502 1319 commixta
530 1263 620 1336 atque
643 1279 783 1320 succensa
806 1261 895 1320 odore
919 1278 971 1319 suo
999 1259 1110 1319 morbis
1133 1263 1198 1318 tam

179 1351 333 1408 homiuum
357 1369 448 1425 quam
471 1350 649 1408 animalium
675 1351 820 1409 resistunt
843 1351 873 1407 et
900 1349 1057 1408 daemones
1080 1350 1196 1426 fugant,

180 1439 356 1516 grandinem
385 1437 541 1513 prohibere
572 1439 602 1496 et
631 1456 730 1496 aerem
759 1438 912 1497 defaecare
942 1438 1090 1496 dicuntur.
1138 1437 1197 1496 Sed

180 1530 206 1586 si
228 1529 407 1588 memoratos
434 1527 549 1603 lapides
582 1529 634 1584 aut
663 1529 797 1586 invenire
829 1529 998 1603 nequiveris
1028 1529 1082 1586 aut
1112 1545 1196 1585 enor-

179 1618 286 1675 mitate
315 1617 408 1693 pretii
436 1616 473 1674 ab
504 1617 653 1691 emptione
684 1617 857 1691 cessaveris,
889 1617 1006 1692 reliqua
1037 1615 1196 1675 efficaciter
1211 1636 1236 1676 ιε,
1320 1639 1321 1664 r

179 1707 312 1780 prosunt.

440 1857 540 1922 XXI.
563 1858 613 1923 De
635 1860 755 1924 rabone
777 1859 935 1940 flebotomi.

247 1988 394 2047 Medicina
424 1989 519 2048 omnis
547 1988 737 2063 animalium,
768 1989 817 2047 vel
845 1991 871 2048 si
899 2009 1003 2048 verum
1027 1991 1195 2065 quaerimus

181 2079 272 2136 etiam
295 2077 462 2152 hominum,
489 2079 548 2138 nisi
569 2079 717 2137 rationem
741 2079 902 2138 curationis
931 2081 1000 2138 ante
1023 2077 1195 2157 cognoverit

253 2309 266 2355 1
286 2295 496 2371 Veg.1111'a‚3
516 2300 549 2355 cf.
566 2300 638 2355 thir.
655 2317 677 2354 e.
694 2305 752 2354 193.

253 2520 266 2567 1
287 2532 307 2567 s.
323 2532 347 2567 v,
362 2514 410 2568 lib.
426 2513 453 2566 H
470 2515 510 2568 ed.
522 2531 567 2584 pr.
585 2518 589 2582 1
606 2513 710 2583 aspalti
728 2513 790 2568 libr.
806 2515 906 2582 IPcf.
925 2514 997 2569 Obir.
1016 2516 1025 2583 ΙΙ
1045 2520 1060 2567 2
1080 2513 1194 2568 acanthi

180 2586 244 2640 AF
256 2585 371 2639 achanti
390 2586 430 2640 ed.
442 2604 486 2654 pr.
502 2602 552 2640 om.
568 2587 596 2641 P
613 2585 721 2639 acbatis
743 2587 823 2642 (sesa
844 2584 1005 2639 chalcanthi
1024 2585 1105 2640 Sabe:
1115 2585 1138 2712 ὁ]
1168 2603 1193 2654 g.

181 2659 210 2710 et
228 2674 251 2711 c.
266 2658 294 2710 A
312 2656 506 2726 galbaniistor.
522 2656 552 2710 F
572 2659 581 2725 i
604 2662 620 2710 3
640 2656 711 2710 acris
730 2657 794 2711 AF
809 2672 890 2726 yreos
909 2658 948 2711 ed.
959 2674 1004 2726 pr.
1025 2656 1096 2710 aeris
1136 2657 1194 2710 ebe.

181 2727 253 2781 aeris
268 2744 291 2780 c.
306 2744 357 2781 om.
373 2730 404 2782 ab
419 2728 525 2794 locPl
542 2743 597 2780 ana
610 2745 672 2782 une.
688 2727 727 2780 Vl
741 2730 769 2783 A
785 2730 788 2797 Ι
806 2727 959 2782 armeniaci
973 2729 1014 2782 cel
1028 2744 1081 2781 am.
1096 2727 1193 2798 ceddi

181 2798 328 2867 capadocii
338 2801 366 2853 P
378 2798 530 2867 capadocis
540 2799 567 2852 A
581 2799 634 2852 -eis
649 2800 688 2853 ed.
695 2817 740 2867 pr.
756 2803 765 2869 ll
779 2805 795 2852 4
810 2799 883 2853 cervi
893 2799 921 2853 A
937 2799 941 2865 Ι
957 2799 974 2852 1.
989 2799 1101 2869 gagatis
1116 2797 1195 2852 femi-

180 2871 269 2924 ninae.
283 2887 345 2923 unc.
360 2869 407 2936 HI,
427 2869 444 2922 1.
460 2868 588 2939 galatitis
611 2887 674 2924 unc.
689 2869 715 2924 Π
728 2872 756 2925 Ρ
772 2870 876 2940 lapidis
900 2869 1030 2940 galaticis
1050 2877 1114 2939 post
1130 2868 1193 2924 fem.

181 2944 232 2996 ires.
248 2941 313 2996 AF
322 2943 332 3010 ΙΙ
346 2946 362 2993 5
380 2958 442 2994 une.
457 2940 487 2992 H
497 2957 547 2995 om.
562 2943 602 2996 ed.
613 2959 658 3011 pr.
673 2944 683 3011 ΙΙ
697 2947 712 2995 6
728 2941 858 3012 argeritis
874 2943 914 2995 ed.
927 2958 970 3010 pr.
986 2942 1051 2996 AF
1065 2940 1194 2996 arthiatis
1320 2953 1321 2992 l

184 3013 217 3079 G,
236 3029 287 3067 om.
302 3013 333 3066 iu
352 3013 402 3067 lac.
418 3014 462 3081 ΡΙ
480 3027 541 3080 equ.
561 3012 592 3066 id
610 3015 654 3067 est
667 3030 717 3068 cru.
733 3015 810 3082 ΡΙΓΙ
831 3011 941 3067 caballo
955 3031 991 3066 m.
1007 3015 1035 3067 P
1051 3013 1099 3081 qui
1117 3012 1196 3066 addit
1313 3001 1321 3023 ⁹

180 3083 272 3152 pallas
287 3083 409 3137 mannas
419 3083 470 3137 VH
479 3084 514 3150 cf.
531 3085 591 3155 ch.
602 3086 658 3138 ΙΙΙ
669 3089 713 3150 12,
728 3089 745 3138 3
758 3087 767 3154 ΙΙ
782 3089 797 3136 9
810 3083 902 3138 cedrei
911 3085 983 3154 culp.
1000 3086 1005 3153 Ι
1022 3084 1149 3138 cervinae
1159 3083 1193 3225 a]

181 3154 282 3208 taedae
296 3153 357 3222 pini
371 3155 434 3209 AF
444 3156 464 3208 t.
479 3155 581 3223 pineae
594 3155 688 3224 pondo
702 3155 758 3209 tria
772 3157 800 3209 P
811 3156 846 3222 ef.
861 3157 916 3209 ΙΙΙ
929 3160 972 3221 12,
987 3160 1004 3209 3
1020 3157 1024 3226 Ι
1039 3155 1133 3223 pondo
1148 3155 1176 3208 P

182 3225 251 3279 ossis
265 3225 346 3294 AF}
363 3225 434 3294 sipie
449 3229 477 3281 P
487 3228 497 3296 i
512 3232 544 3279 10
564 3226 637 3280 lauri
654 3227 741 3280 bacae
761 3226 893 3295 siliquam
907 3228 935 3281 P
957 3229 961 3295 Ι
987 3228 1016 3280 et
1033 3243 1083 3280 om.
1099 3227 1138 3280 ecl.
1150 3244 1201 3294 pr..

181 3297 251 3350 haec
265 3299 294 3350 et
307 3315 334 3350 u.
351 3297 415 3351 AF
425 3300 454 3352 et
468 3297 562 3352 omnia
574 3300 602 3353 P
613 3299 622 3366 ΙΙ
637 3304 670 3350 12
684 3298 818 3352 resistant
831 3298 921 3352 daem,
932 3299 963 3352 F
973 3300 982 3366 [Ι
996 3303 1030 3351 13
1044 3297 1193 3367 grandines

181 3367 221 3450 ed.
234 3385 277 3436 pr.
304 3370 308 3438 Ι
333 3371 362 3422 et
381 3385 404 3423 a.
421 3369 475 3423 def.
491 3386 541 3424 cru.
558 3369 618 3424 FP
638 3373 647 3437 i
671 3374 704 3421 14
723 3371 773 3423 aut
790 3369 821 3441 i]
843 3372 892 3422 aut
910 3386 960 3424 cru.
975 3369 1004 3422 A
1030 3370 1039 3437 ΙΙ
1068 3374 1100 3421 15
1120 3367 1194 3420 suffi-

182 3440 287 3564 cmntled
306 3441 465 3566 didotomie
484 3511 512 3565 A
526 3512 534 3579 Η
550 3516 583 3565 18
603 3510 756 3564 communis
775 3513 845 3566 PM
860 3511 890 3563 in
909 3529 944 3564 m.
965 3511 1105 3564 communi
1125 3509 1191 3581 ΜἸ

182 3597 348 3648 quaeramus
367 3584 395 3637 P
415 3585 424 3652 ΙΙ
449 3587 481 3635 19
500 3580 555 3635 nisi
575 3598 624 3636 em.
639 3580 667 3633 A
