2668 3920
502 211 642 266 MVLOM.
661 211 675 264 I
694 217 798 266 18-20
1115 212 1157 275 41

145 378 304 440 flebotomo
331 380 468 440 facienda
495 383 579 454 sunt,
609 381 793 439 declaratam
822 382 880 456 est3
910 379 961 440 sed
983 382 1078 439 restat
1101 381 1162 440 alia

147 489 208 529 non
230 470 329 529 minus
351 471 517 529 necessaria
539 469 744 544 efficaciorque
768 471 891 543 curatio,
907 469 990 544 'qnae
1013 468 1162 528 suffimen-

147 563 247 618 torum
269 578 376 636 genere
399 562 429 617 et
452 558 540 618 odore
569 560 746 634 praestatur.
793 559 871 616 Nam
898 577 967 616 oum
989 559 1055 634 ipsa
1077 557 1196 616 tabes2

149 667 185 707 ex
208 647 341 724 cormpti
370 647 447 706 aeris
475 648 589 707 foetore
616 649 755 707 nascatur
778 649 809 706 et
835 665 927 722 usque
950 648 983 704 in
1005 647 1161 723 pulmones

123 756 135 797 s
150 731 196 816 [et
209 731 336 814 viscera]
351 735 534 812 penetrando
548 736 714 812 descendat,
729 755 789 795 non
806 737 905 794 minus
924 735 1023 794 odoiis
1038 735 1161 796 austeri-

148 829 212 885 tate
241 845 331 901 quam
357 825 512 902 potionum
538 825 738 884 amaritudine
765 825 920 887 consueuit
943 824 1057 900 expelli.
1103 825 1197 885 Prae

149 933 271 974 numero
300 916 404 990 itaque
438 915 614 974 animalium
643 915 734 992 eliges
768 914 866 972 locum
895 914 1039 972 humilem
1069 916 1099 972 et
1128 931 1163 970 ex

150 1005 231 1063 omni
259 1005 346 1079 parte
376 1004 522 1077 clausum,
553 1003 585 1060 in
615 1023 673 1078 quo
702 1003 823 1063 induces
853 1003 996 1061 animalia
1024 1003 1073 1061 vel
1102 1003 1163 1061 iam

150 1092 351 1172 aegrotantia,
386 1110 462 1168 quae
489 1109 592 1150 curare
619 1091 781 1166 desideras,
814 1092 863 1152 vel
891 1091 987 1150 adhuc
1017 1109 1102 1159 sana,
1134 1093 1164 1148 et

110 1203 137 1244 io
150 1183 322 1258 separatim,
345 1199 421 1256 quae
444 1201 504 1240 non
526 1181 572 1241 vis
594 1180 691 1241 morbi
711 1182 887 1259 contagione
909 1181 1056 1257 perfundi.
1098 1177 1164 1238 Ori·
1190 1216 1192 1220 -

151 1289 261 1348 ganum
280 1271 401 1345 cemele,
425 1270 604 1346 asphaltum,
626 1269 838 1346 peucedanum,
861 1273 1026 1330 castoreum
1045 1271 1075 1328 et
1093 1287 1164 1345 opo-

150 1377 295 1435 panacem
328 1361 430 1434 aequis
464 1358 644 1435 ponden'bus
674 1360 846 1435 permisces,
881 1359 983 1417 exinde
1018 1361 1165 1434 quantum

151 1448 249 1507 tribus
278 1447 381 1526 digitis
411 1449 510 1507 levare
544 1449 655 1524 poteris
684 1448 717 1505 in
747 1446 923 1507 carbonibus
952 1448 1030 1506 vivis
1059 1448 1165 1520 mittis

153 1537 385 1612 animaliumque
403 1555 436 1596 os
459 1539 490 1595 et
512 1539 603 1613 caput
621 1555 711 1612 super
729 1538 845 1595 finmnm
864 1535 988 1610 tenebis,
1010 1538 1045 1594 ut
1068 1538 1163 1594 auste-

111 1647 137 1688 1s
151 1628 227 1686 ritas
256 1625 354 1685 odoris
380 1645 435 1702 per
462 1644 494 1685 os
522 1628 552 1684 et
581 1645 667 1695 nares
694 1625 873 1686 intrinsecus
902 1626 1036 1703 ingressa
1065 1625 1165 1682 omnia

153 1715 301 1790 compleat
324 1716 354 1772 et
372 1703 523 1790 usquead
540 1715 694 1791 pulmones
712 1715 876 1791 perveniat,
899 1716 929 1773 et
948 1715 1080 1791 praestet
1102 1715 1166 1772 ani-

152 1803 281 1863 malibus
304 1802 491 1862 medicinam.

355 2010 435 2074 XX.
458 2011 537 2075 Aliu
560 2012 736 2093 compositio
758 2011 968 2076 uehementior.

221 2139 276 2199 Est
300 2143 330 2200 et
353 2141 413 2198 alia
436 2141 611 2215 compositio
635 2139 871 2199 suffimentorum
898 2141 936 2198 ad
957 2139 1076 2199 morbos
1098 2159 1166 2216 pro-

114 2229 311 2303 cohibendos,
348 2229 550 2304 sumptuosior
584 2228 703 2304 quidem
740 2229 791 2312 sed
827 2231 861 2286 ut
893 2230 1019 2303 putatur
1054 2229 1166 2287 utilior.

228 2423 260 2470 10
280 2415 352 2471 onir.
368 2433 391 2469 e.
407 2421 458 2469 teo
477 2415 687 2485 cf.Veg.1Ve‚
703 2421 745 2469 15.

228 2601 242 2648 1
263 2594 320 2648 sint
332 2593 360 2647 L
372 2594 382 2665 11
397 2599 413 2646 2
431 2592 613 2662 fumigiomm
631 2593 742 2647 caldore
757 2594 826 2648 PM
841 2592 939 2646 nidore
955 2592 1003 2647 M*
1016 2594 1056 2662 114
1074 2595 1167 2648 vetore

154 2667 183 2720 A
217 2666 222 2734 1
254 2665 416 2735 pulmonem
434 2665 462 2718 A
481 2666 510 2718 et
526 2663 672 2732 pulmones
696 2681 785 2733 usque
807 2665 980 2733 penetrando
999 2664 1026 2718 L
1044 2667 1074 2718 et
1091 2665 1121 2718 in
1139 2683 1166 2734 p.

155 2752 244 2806 usqne
262 2755 289 2805 p.
305 2738 333 2792 P
349 2738 378 2790 et
396 2735 627 2790 v.em.LAPF
643 2737 652 2804 11
678 2741 692 2788 7
713 2737 742 2788 et
760 2751 809 2789 oia.
829 2735 893 2788 AF
905 2736 945 2788 ed.
956 2753 1001 2804 pr.
1027 2739 1032 2806 1
1054 2752 1088 2790 ex
1105 2737 1169 2789 nni-

155 2808 242 2863 versis
251 2807 381 2876 partibus
391 2806 424 2860 cl.
435 2808 464 2861 P
475 2809 484 2876 11
498 2812 514 2860 8
528 2807 558 2860 in
568 2808 618 2860 del.
629 2807 719 2862 Samb.
737 2809 740 2876 1
756 2806 801 2860 vel
813 2823 862 2861 om.
874 2807 937 2860 AF
948 2808 1039 2875 edpr.
1054 2809 1064 2876 11
1078 2812 1112 2860 10
1127 2823 1168 2860 se-

154 2879 251 2949 parari
269 2881 315 2950 Ρ1
331 2877 544 2947 ee--perfanui
558 2894 608 2932 ocu.
629 2879 671 2932 Vl
687 2880 716 2931 et
734 2895 754 2931 s.
774 2878 825 2932 del.
839 2878 918 2933 acha.
937 2877 1089 2946 {profundi
1109 2878 1169 2932 FA

156 2955 237 3018 (com.
252 2949 305 3018 A¹)
320 2951 376 3018 1111
397 2949 505 3002 asinale
523 2949 594 3005 uhu.
614 2948 705 3002 esium
723 2948 816 3002 eleum
830 2948 856 3001 L
875 2947 974 3002 allium
992 2948 1054 3003 PF
1070 2948 1168 3002 allium

156 3022 281 3076 mentam
294 3022 322 3074 A
336 3023 482 3090 (meam.
498 3019 532 3074 al.
547 3021 640 3089 vacat)
655 3019 745 3074 asinm
758 3037 794 3072 m.
809 3020 850 3074 ed.
860 3037 905 3088 pr.
920 3021 929 3088 11
944 3025 977 3073 12
991 3020 1127 3088 permisce
1142 3020 1173 3073 F

156 3109 217 3147 -eae
236 3095 264 3146 A
277 3093 317 3146 cd.
329 3110 373 3161 pr.
391 3092 395 3164 1
416 3093 444 3145 et
462 3089 562 3145 exinde
580 3092 609 3145 A
622 3092 661 3145 ed.
673 3107 717 3159 pr.
737 3092 746 3160 11
765 3095 798 3144 13
818 3090 926 3144 elevare
945 3093 973 3144 A
986 3091 1026 3146 ed.
1037 3109 1082 3160 pr.
1100 3095 1104 3162 1
1119 3109 1169 3160 po-

156 3163 244 3218 tueris
264 3179 311 3216 aar
329 3164 420 3230 deficat
436 3162 464 3214 L
481 3165 566 3232 usque
584 3162 623 3216 cd
640 3180 661 3216 c.
676 3167 712 3216 21
731 3167 797 3216 extr.
822 3161 826 3232 1
849 3163 983 3216 carbones
1001 3181 1025 3216 v.
1045 3163 1085 3217 ed.
1096 3180 1141 3232 pr.
1163 3162 1166 3234 1

157 3235 247 3288 mittis
267 3236 295 3289 P
310 3250 354 3288 -as
372 3235 444 3304 culp.
459 3236 468 3303 11
487 3239 520 3287 14
540 3249 564 3286 a.
579 3249 630 3302 per
648 3249 678 3286 os
698 3235 726 3287 et
744 3250 766 3286 c.
782 3249 866 3301 supra
885 3235 913 3287 P
929 3249 1018 3301 aque
1037 3236 1170 3302 caputet

158 3323 189 3360 os
207 3307 236 3360 A
258 3308 267 3374 11
291 3311 323 3358 15
342 3306 469 3374 ingressa
488 3321 538 3359 oue.
553 3306 584 3358 10
598 3305 668 3374 ingr.
688 3305 753 3356 intr.
768 3306 797 3358 P
816 3306 825 3372 11
849 3310 881 3356 16
901 3307 931 3357 et
948 3321 998 3358 om.
1013 3306 1041 3358 A
1062 3307 1066 3374 1
1087 3305 1124 3358 ad
1141 3323 1168 3374 p.

157 3379 294 3500 usquelP
310 3378 339 3430 et
356 3376 394 3430 ad
416 3375 578 3444 pulmonem
599 3393 626 3428 n.
650 3374 824 3444 penetrando
844 3392 871 3443 p.
891 3377 930 3429 ed,
946 3393 990 3444 pr.
1010 3393 1044 3430 ex
1062 3377 1143 3430 line
1164 3377 1167 3448 1

158 3447 275 3502 animai
289 3449 317 3502 P

232 3523 265 3572 18
283 3519 359 3588 ofip.
374 3523 400 3584 3,
414 3520 473 3587 2011
488 3523 520 3570 19
540 3519 569 3571 et
587 3534 637 3572 om.
652 3518 680 3571 A
700 3519 710 3586 11
728 3522 762 3570 20
781 3517 919 3572 austeiior
936 3517 1124 3586 sumptuosior
1143 3517 1174 3570 F

160 3590 297 3644 austerior
315 3592 342 3645 P
356 3592 360 3658 1
375 3592 409 3644 nt
426 3605 475 3643 om.
491 3591 518 3644 A
533 3590 572 3644 ed.
583 3607 628 3658 pr.
