2668 3920
524 248 664 303 MVLOM.
683 248 696 301 1
716 253 747 302 17
1098 249 1140 316 37

128 418 160 475 et
182 417 296 476 iniirsas
320 418 352 476 in
374 418 538 493 liquamine
568 419 680 493 optimc
708 417 870 477 macerabis
898 418 1143 495 colabisquesper
1189 444 1191 448 ’

128 505 293 565 linteolum.
335 526 370 565 ex
401 526 459 582 quo
489 523 658 566 mensuram
684 506 770 566 unius
802 508 853 565 ovi
881 508 1062 583 tepefactam
1091 527 1144 583 per

129 612 214 653 nares
248 595 387 654 animalis
418 596 518 654 triduo
551 595 680 672 digereS,
717 597 930 671 consequenter
962 597 1053 655 etiam
1084 598 1144 656 ista
1157 599 1195 656 11

115 683 275 759 iacturas,
304 687 340 742 ut
367 686 547 758 iumentum,
578 684 657 760 quod
679 683 815 742 morbum
843 687 973 760 patitur,
1001 685 1146 745 hordeum

89 790 197 830 ¹scum
222 775 291 850 apic
316 775 346 832 ct
365 791 519 832 cucumere
538 772 675 832 silvatico
698 773 873 831 minutatim
891 775 1006 832 conciso
1030 791 1145 850 semper

129 863 260 936 accipiat
284 864 499 937 contusumque
517 864 616 938 ipsum
635 864 781 939 agrestem
800 880 983 921 cucumerem
1001 864 1031 921 et
1050 881 1145 938 aquae

127 950 311 1010 sufficienter
339 952 504 1010 admixtum
533 951 634 1010 bibere
663 952 794 1028 cogatur.
834 950 991 1009 Laudatur
1019 953 1048 1010 et
1070 951 1195 1010 haec12

126 1039 227 1114 potio:
264 1039 373 1099 herbae
408 1039 535 1098 Sabinae
569 1039 678 1098 libram
702 1039 730 1113 I,
759 1039 917 1116 trixaginis
951 1041 1055 1100 uncias
1088 1039 1143 1115 HI,

128 1130 307 1187 centaureae
321 1130 424 1186 uncias
433 1127 473 1203 11,
487 1129 694 1188 aristolochiae
708 1131 812 1187 uncias
827 1129 898 1203 1111,
911 1129 1052 1188 bacarum
1065 1129 1144 1187 lau'ri

88 1235 113 1274 ro
127 1219 233 1276 uncias
252 1217 322 1292 IIII,
345 1236 464 1276 murrae
481 1219 583 1277 uncias
602 1217 673 1292 IIII,
696 1219 796 1276 omnia
815 1219 976 1277 contundes
995 1221 1026 1277 et
1044 1236 1143 1278 cernes

127 1308 158 1363 et
180 1307 213 1364 in
241 1306 393 1382 pulverem
417 1308 651 1365 minutissimum
672 1305 802 1383 rediges,
826 1309 863 1364 et
891 1325 958 1365 cum
985 1308 1143 1366 necessitas

126 1394 234 1469 fixerit,
263 1395 394 1454 cocleare
423 1395 535 1472 grande
564 1395 685 1471 plenum
715 1413 781 1453 cum
811 1397 875 1453 vini
904 1397 1033 1454 sextario
1062 1398 1143 1471 tepe-

126 1483 208 1542 facto
233 1484 369 1543 faucibus
387 1485 549 1542 taediantis
571 1483 717 1542 infundes.
763 1483 844 1542 Haec
867 1502 984 1559 quoque
1001 1484 1142 1543 adversus
1156 1486 1195 1544 13

127 1589 230 1632 omnes
261 1572 377 1632 morbos
407 1573 554 1631 medicina
583 1575 745 1647 succurret,
781 1572 859 1648 quod
889 1575 1034 1648 quatenus
1064 1575 1143 1632 vires

87 1677 112 1717 re
126 1663 288 1734 patiuntur
309 1663 493 1738 interpositis
521 1662 624 1720 diebus
648 1655 730 1740 [cum
756 1663 947 1737 praescriptis
969 1663 1143 1722 minutionis

127 1743 341 1828 observantiis]
365 1752 461 1826 primo
489 1750 524 1809 de
548 1751 670 1824 cervice,
696 1753 765 1826 post
788 1751 824 1809 de
845 1752 948 1827 palato
973 1753 1003 1810 et
1024 1753 1057 1810 in
1080 1750 1145 1826 qui-

199 1891 216 1938 8
236 1883 293 1938 Pel.
309 1901 331 1938 c.
347 1889 372 1938 8.

201 2015 216 2062 1
238 2009 343 2078 optime
371 2011 400 2062 et
426 2007 472 2062 fac
499 2008 635 2062 macerari
663 2009 691 2062 et
713 2008 782 2062 cola.
807 2010 835 2063 P
869 2013 878 2078 ll
916 2015 931 2062 2
954 2008 1074 2062 linteum
1101 2010 1142 2062 cd.

123 2095 169 2146 pr.
206 2085 209 2147 Ι
246 2095 279 2132 cx
303 2080 415 2148 equeb*
448 2084 451 2147 l
482 2095 613 2134 mensura
628 2121 633 2132 .
650 2091 661 2131 .·
672 2079 844 2147 tepefactum
862 2080 956 2134 AFP
973 2081 1013 2134 cd.
1029 2098 1073 2149 pr.
1097 2080 1144 2133 cui

127 2150 203 2216 facet
222 2152 315 2221 Pelaq.
337 2153 347 2222 ΙΙ
370 2156 385 2203 3
406 2151 520 2220 degeres
539 2151 566 2204 L
584 2149 710 2203 inmittes
728 2151 756 2203 P
784 2155 787 2216 Ι
818 2150 904 2204 etiam
921 2149 992 2203 haec
1011 2150 1056 2203 fao
1074 2151 1102 2203 P
1119 2166 1142 2202 c.
1187 2161 1190 2164 ·

128 2255 170 2310 aa
188 2256 208 2310 f.
225 2257 289 2311 Ar
300 2257 339 2311 ec.
350 2273 395 2325 pr.
424 2259 433 2326 q
460 2255 571 2325 equae
589 2255 607 2309 s.
623 2258 651 2311 r>
667 2223 742 2324 qets
760 2255 778 2308 i.
799 2223 875 2324 este
893 2257 921 2310 x
949 2260 953 2322 l
978 2255 995 2308 i.
1015 2255 1145 2309 morbum

128 2328 242 2394 patiens
261 2329 289 2382 P
308 2330 316 2397 ΙΙ
337 2333 353 2382 5
373 2329 402 2381 et
420 2344 478 2380 cuc.
494 2326 554 2381 silv.
570 2343 620 2381 cm.
635 2326 662 2378 L
681 2343 744 2380 cum
762 2326 828 2395 apio
846 2345 882 2381 m.
903 2327 1013 2380 conciso
1033 2328 1144 2380 etcum

130 2414 152 2451 c.
169 2417 189 2452 s.
207 2399 336 2452 similiter
355 2397 501 2453 concisoS
518 2415 581 2452 cum
598 2397 693 2452 radice
708 2397 767 2466 apii
786 2398 814 2451 et
832 2414 855 2450 c.
875 2398 994 2467 agrestis
1012 2397 1144 2450 minutim

129 2468 221 2524 incisa
253 2472 298 2537 ΡΙ
327 2469 417 2524 inciso
437 2469 550 2524 AFed.
562 2487 606 2538 pr.
634 2470 643 2538 ΙΙ
666 2475 682 2523 6
702 2469 895 2538 contunsumq.
910 2469 938 2523 A
962 2474 965 2536 1
991 2484 1066 2538 aqua
1084 2469 1145 2522 LA

130 2556 236 2608 aquam
250 2541 355 2594 Fcum
374 2556 449 2610 aqua
467 2558 517 2596 em.
533 2542 562 2596 et
576 2542 603 2595 P
624 2542 633 2609 ΙΙ
657 2546 671 2593 7
692 2538 753 2593 suff.
769 2556 818 2594 om.
833 2542 861 2595 P
881 2543 885 2609 Ι
905 2539 1023 2622 laudata
1037 2542 1080 2594 est
1094 2539 1139 2610 Ll

130 2647 219 2701 etiam
237 2647 265 2700 A
280 2648 320 2702 eu.
332 2663 376 2716 pr.
391 2664 440 2701 om.
457 2646 487 2700 x
507 2649 516 2716 u
538 2652 555 2700 e
573 2647 729 2716 pereginis
747 2646 801 2702 sA
818 2649 899 2700 araxe
921 2647 927 2658 ·
949 2629 978 2700 ts
998 2647 1024 2700 s
1042 2649 1073 2700 a
1091 2647 1143 2700 ue

130 2734 181 2772 cm.
202 2720 273 2773 PM
287 2718 448 2788 (gentianae
469 2735 530 2770 unc.
546 2717 585 2770 Hi
600 2718 657 2788 Me)
693 2721 703 2788 ΙΙ
739 2724 754 2772 9
774 2717 888 2772 aristolo
926 2719 970 2772 iae
986 2751 1017 2757 —
1032 2733 1142 2771 murrae

130 2804 181 2844 cm.
197 2789 225 2842 A
239 2791 271 2843 ia
288 2807 374 2860 marg.
388 2790 477 2858 suppl.
492 2787 534 2843 A’
554 2793 558 2856 Ι
578 2789 639 2843 bac.
654 2789 727 2842 lauri
745 2789 848 2844 unali
865 2791 957 2860 Pclcp.
973 2791 1030 2858 {110
1049 2787 1145 2842 omnia

130 2861 190 2915 tere
210 2863 238 2914 et
255 2860 286 2913 in
303 2879 330 2929 p.
346 2879 381 2913 m.
396 2859 493 2928 redige
512 2862 540 2915 P
557 2861 566 2928 ll
588 2865 620 2913 11
639 2860 791 2914 necessitas
810 2860 862 2915 SL
880 2877 992 2914 necesse
1010 2866 1067 2914 cett.
1082 2875 1143 2913 cum

130 2931 225 3003 Pelcp.
240 2933 250 3000 ΙΙ
264 2937 297 2984 12
317 2930 442 2985 cocleare
455 2949 496 3000 gr.
512 2931 598 2986 LFS
615 2931 779 3001 (coclearem
796 2934 848 3001 gr.)
867 2933 961 3001 Pelcg.
976 2929 1143 2984 coclearium

132 3071 172 3122 gr.
183 3057 211 3109 P
224 3054 391 3108 coclearium
404 3055 573 3124 magnumA
583 3055 622 3108 ed.
629 3073 674 3124 pr.
692 3059 695 3122 l
711 3005 884 3124 tepefacltbm
898 3055 926 3108 A
944 3003 1120 3122 tepeprpp
1134 3053 1143 3125 {l

134 3128 166 3177 13
179 3125 319 3180 tedeantis
329 3127 368 3180 ed.
376 3144 420 3195 pr.
438 3131 441 3194 1
458 3125 575 3179 infunde
585 3125 777 3182 PinfundisS
791 3128 795 3195 Ι
812 3125 989 3180 adversumS
1000 3128 1009 3194 ΙΙ
1025 3131 1057 3179 14
1067 3125 1143 3192 quod

133 3211 159 3262 q.
174 3195 295 3251 SLAF
311 3199 340 3251 ot
357 3216 383 3266 q.
399 3200 427 3252 P
444 3197 468 3251 si
487 3217 512 3268 q.
528 3198 567 3252 ed.
579 3213 624 3266 pr.
643 3199 653 3267 ll
673 3203 705 3250 15
723 3197 898 3266 interpositis
916 3197 1006 3263 deficit
1023 3197 1045 3252 S
1059 3201 1063 3264 1
1079 3203 1147 3251 aaa

133 3262 306 3338 interpositis
320 3269 385 3324 baec
395 3270 435 3324 A:
448 3267 521 3320 nihil
535 3271 633 3322 auctor
642 3268 716 3322 enim
730 3267 779 3322 ille
793 3269 911 3321 naturae
926 3283 975 3321 rex
988 3267 1099 3337 tegacio
1109 3269 1145 3336 (?)

135 3337 236 3392 artifex
250 3339 327 3408 absq.
342 3339 466 3394 remedio
480 3355 579 3394 nocere
593 3339 728 3408 permisit.
757 3339 842 3392 Bolus
858 3340 887 3407 (i.
901 3338 1002 3392 bolbus
1016 3340 1050 3404 cf.
1066 3338 1141 3392 Plias.

136 3406 197 3462 XX
210 3413 271 3480 104)
289 3427 373 3480 quoq.
393 3411 549 3464 armenicus
567 3409 746 3479 pestilentiae
764 3409 884 3464 maxime
903 3410 1079 3478 dysenteriae
1098 3425 1145 3463 cc·

135 3479 220 3534 currit
234 3481 345 3552 egregie
360 3482 409 3536 sed
422 3481 494 3535 vires
509 3480 562 3550 (ius
568 3485 591 3552 ?)
606 3482 665 3536 eius
680 3498 713 3535 ex
726 3482 799 3548 vino,
815 3481 838 3534 si
853 3483 948 3534 autem
961 3479 1054 3546 febrit,
1069 3495 1145 3547 aqua

134 3548 290 3620 temperata
309 3553 391 3607 detur
409 3553 446 3606 ad
465 3569 550 3606 cornu
563 3553 724 3607 bibendum.
754 3552 871 3622 Saepius
889 3551 939 3606 int.
954 3567 1090 3619 suprascr.
1106 3549 1142 3604 al.

135 3625 216 3675 vacat
231 3627 235 3690 Ι
253 3629 285 3677 15
304 3629 336 3678 16
351 3641 401 3678 cm.
416 3624 509 3678 LFP
521 3623 556 3690 cf.
571 3627 592 3678 I
600 3629 639 3679 22
655 3629 659 3691 ι
675 3624 773 3677 diebus
792 3623 920 3692 plurimis
938 3623 1028 3691 primo
1047 3621 1074 3673 L
