2682 3920
499 226 639 281 MVLOM.
658 227 671 278 Ι
690 233 794 280 36-38
1112 227 1153 291 61

143 395 224 470 quod
254 394 291 453 ab
320 394 431 453 iniuria
460 395 508 454 vel
537 395 638 454 labore
667 397 716 455 vel
745 415 780 454 ex
814 398 966 456 coactione
1001 396 1155 474 contingit.

143 483 287 552 Quotiens
310 486 390 544 enim
412 485 524 544 lassum
554 484 664 544 animal
692 486 869 563 fatigatione
897 488 1013 544 itineris
1041 486 1090 544 vel
1112 486 1155 544 ni-

143 574 266 632 mietate
297 591 399 632 cursus
428 573 477 631 vel
505 573 711 650 magnitudine
740 574 904 650 ponderum
933 593 993 633 non
1025 574 1156 634 studiose

144 663 309 737 refovetur,
332 662 381 721 vel
403 664 517 721 aestate
540 663 622 721 sitire
646 663 694 722 vel
715 662 813 722 hieme
838 664 937 741 algere
961 663 1156 739 compellitur,

115 751 193 810 arel
211 753 290 810 certe
308 750 463 826 penuriam
482 751 610 810 sustinet
628 751 686 810 cibi
705 754 758 810 aut
771 751 880 812 hordeo
900 771 977 812 novo
997 755 1051 812 ant
1069 754 1156 812 faeno

144 835 273 915 pessimo
303 839 445 916 laeditur,
475 843 506 898 et
533 860 587 916 per
616 841 678 900 dies
709 840 824 916 aliquot
853 833 931 900 circa
961 860 1064 900 curam
1093 843 1156 900 eius

145 929 228 986 nulla
252 927 410 988 adhibetur
436 927 596 988 industria:
624 931 667 988 sic
689 932 781 990 totius
806 933 936 1006 corporis
960 949 1104 1007 compago
1127 933 1157 988 et

144 1017 321 1077 interiorum
339 1019 485 1077 viscerum
503 1017 658 1094 dispositio
673 1037 727 1094 per
743 1021 886 1078 iniuriam
901 1021 930 1078 et
949 1020 1157 1096 fatigationem

145 1106 279 1165 vitiatur.

103 1304 132 1344 ιο
179 1278 389 1344 XXXVIII.
418 1279 503 1360 Quae
522 1301 636 1361 genera
658 1281 888 1361 aegritudimcm
910 1302 948 1346 ec
970 1281 1122 1346 macinae

480 1417 484 1422 ·
562 1383 741 1442 cosmetur.

213 1506 341 1584 Exque
369 1508 520 1567 coactione
550 1508 624 1565 haec
650 1507 821 1584 passionum
849 1527 958 1585 genera
984 1509 1155 1568 nascuntur.
1170 1517 1316 1559 moscin.

146 1595 192 1652 Ex
205 1595 398 1672 perfrictione
413 1596 492 1654 enim
505 1596 581 1654 fiunt
595 1597 815 1674 opisthotonici
829 1597 992 1676 podagrici,
1007 1597 1158 1673 phthisioi.

146 1683 192 1742 Er
215 1688 301 1743 aestu
330 1688 431 1744 autem
461 1686 561 1745 evenit
589 1686 732 1764 gravedo,
763 1686 865 1760 febris,
892 1685 1022 1760 insania,
1052 1686 1159 1761 capitis

105 1793 132 1833 15
147 1771 239 1832 dolor.
280 1773 326 1832 Ex
353 1774 458 1835 sudore
488 1776 583 1834 oritur
612 1777 711 1834 tumor
740 1775 772 1833 in
801 1773 947 1851 cruribus,
978 1775 1100 1834 suffusio
1127 1777 1159 1832 in

146 1860 284 1938 pedibus,
311 1861 417 1938 febris,
442 1882 577 1940 spasmus
611 1867 642 1923 et
669 1866 767 1924 tussis.
809 1863 854 1922 Er
883 1864 1005 1923 humore
1033 1863 1193 1940 quoque,2

148 1953 201 2026 qui
223 1952 258 2009 de
282 1950 403 2011 naribus
426 1953 560 2029 profluit,
585 1954 685 2030 passio
713 1954 898 2029 apertissime
924 1953 1101 2013 declaratum.
1131 1951 1160 2010 A

148 2040 265 2099 cerebro
297 2042 376 2099 enim
398 2042 447 2100 vel
470 2060 488 2098 a
511 2043 610 2118 capite
637 2042 719 2102 venit
747 2042 842 2101 multa
869 2042 982 2118 pituita
1005 2041 1106 2101 crebra
1130 2044 1159 2100 et

148 2128 252 2204 spissa,
276 2149 294 2187 a
316 2131 507 2205 perfrictione
535 2130 592 2190 erit
618 2131 725 2189 humor
749 2133 847 2189 tenuis
876 2133 1031 2206 aquaticus
1055 2132 1085 2188 et
1106 2130 1159 2187 iri·

106 2237 133 2276 ao
148 2217 248 2294 gidus:
278 2238 314 2276 ex
336 2237 396 2293 qua
422 2238 454 2277 re
481 2218 558 2276 fiunt
588 2219 765 2297 coriaginosi
796 2221 826 2277 et
848 2218 971 2278 tetanici
995 2220 1025 2277 et
1046 2217 1159 2279 tussici.

148 2305 177 2363 A
199 2304 311 2366 tolibus
336 2309 366 2365 et
389 2307 539 2385 glandulis
562 2311 593 2366 et
616 2308 733 2367 arteriis
755 2307 864 2367 humor
886 2307 944 2365 erit
966 2307 1107 2366 candidus
1132 2308 1196 2366 et3

222 2500 254 2547 12
274 2493 347 2548 cuir.
362 2511 385 2548 ο.
402 2500 460 2548 ica.
518 2500 550 2548 16
570 2491 643 2548 cuir.
658 2511 681 2548 o.
698 2500 748 2549 ree
767 2513 794 2564 p.
809 2499 883 2561 aas
903 2493 1062 2564 of.veg.11
1081 2499 1122 2547 ec.

150 2569 183 2618 ιτ
203 2563 276 2618 cuir.
292 2582 314 2618 c.
331 2571 381 2619 154
400 2583 427 2634 p.
443 2571 486 2633 ue,
502 2571 542 2619 13.
616 2571 650 2618 ao
670 2565 742 2620 ehu.
758 2583 780 2619 c.
798 2571 856 2620 155.

149 2679 225 2684 --..
239 2677 350 2684 ——··-.

222 2750 235 2796 1
255 2743 299 2797 vel
318 2744 363 2815 ex]
382 2745 411 2797 et
429 2745 474 2811 ΡΙ
491 2743 637 2814 contingat
654 2745 694 2798 ed.
706 2761 750 2813 pr.
765 2747 804 2813 1Ιῖ
823 2745 918 2798 laxum
937 2747 964 2799 A
982 2743 1093 2813 lapsum
1111 2746 1140 2801 P
1151 2744 1160 2816 ll

149 2820 166 2867 4
185 2817 235 2868 aut
252 2815 280 2868 h.
295 2816 323 2871 Ρ
336 2818 340 2884 l
357 2813 541 2884 compellatur
555 2815 618 2870 AF
628 2817 637 2883 ΙΙ
652 2821 668 2870 5
686 2815 819 2898 iniuriam
832 2817 893 2872 FA
909 2817 913 2884 Ι
930 2815 997 2888 cibi]
1017 2815 1159 2869 convictus

150 2885 195 2958 ΡΙ
211 2885 255 3010 u
274 2884 451 3026 {stipiti
462 2885 750 3040 attacus
761 2887 1093 3040 ,statuisti
1109 2956 1161 3040 a„

150 3029 360 3098 mperatum.
377 3045 421 3097 pr.
436 3031 464 3083 A
500 3031 504 3097 ί
543 3029 702 3096 epistomio1
725 3031 764 3084 ecl.
780 3047 824 3098 pr.
849 3029 1006 3099 epystonier
1027 3031 1055 3082 P
1071 3030 1159 3097 epito-

150 3099 252 3156 stonici
265 3101 296 3154 F
308 3099 494 3168 epietomachi
507 3102 535 3155 A
551 3099 554 3170 Ι
571 3099 669 3154 tussici
684 3101 756 3156 coar.
771 3103 780 3170 ΙΙ
795 3106 829 3154 14
844 3101 1090 3170 exaestuantem]
1110 3100 1160 3152 aut

151 3171 223 3226 Glu‘r.
238 3174 247 3240 ll
262 3175 295 3224 16
310 3173 339 3225 et
352 3187 402 3226 om.
413 3172 474 3228 FP
485 3173 494 3240 ΙΙ
510 3176 541 3224 17
557 3187 591 3226 ex
604 3189 631 3224 n.
642 3173 687 3239 ΡΙ
704 3171 880 3240 apertissime
890 3174 918 3227 P
929 3171 1070 3226 verissime
1086 3171 1158 3226 cuir.

149 3241 702 3382 tertiusdecimus
712 3242 1160 3368 astruamus

150 3329 256 3453 epdldci
274 3387 303 3437 et
320 3383 463 3453 phthisici.
490 3399 507 3437 a
525 3385 633 3439 colibus
652 3388 681 3439 et
698 3385 735 3454 gl.
753 3385 793 3438 ed.
804 3331 930 3453 pfficrr.
953 3315 1161 3440 ctiaglenatiol

150 3457 180 3508 et
201 3454 300 3508 tussici
322 3458 351 3509 et
375 3471 392 3508 a
414 3454 519 3510 talibus
543 3459 572 3510 et
594 3457 631 3526 gl.
652 3459 680 3512 P
701 3456 817 3525 eptatici
840 3457 869 3510 et
895 3456 1105 3510 tussiculatores
1132 3458 1161 3510 et

150 3524 318 3591 glandulosi.
345 3543 380 3582 ex
402 3527 439 3598 gl.
459 3527 487 3580 A
509 3529 634 3582 musaei
661 3527 690 3582 et
712 3527 829 3581 tectraci
856 3528 886 3581 et
912 3527 1108 3581 tueiculatores
1133 3528 1161 3580 et

151 3596 293 3664 glandulis
312 3599 342 3654 F
353 3601 363 3667 ΙΙ
377 3603 409 3652 21
430 3597 538 3651 calidus
557 3600 620 3654 AF
635 3601 682 3656 sod
699 3599 734 3666 of.
751 3598 823 3654 coir.
