2684 3926
625 234 760 288 VEGHTI

508 471 652 536 CXVII.
678 471 726 534 De
749 472 875 534 comtos.

76 595 221 690 ξξξθεξξὲῡ
268 601 409 660 Vomicae
432 602 607 677 plerumque
631 601 810 660 animalibus
831 603 994 660 nascuntur
1016 601 1201 659 intrinsecus.

225 689 317 750 Ouius
340 691 487 767 passionis
514 691 573 750 ista
596 693 666 748 sunt
688 691 787 767 signa:
818 708 885 748 cum
910 689 1093 755 accubuerit,
1124 687 1202 746 diffi-

186 781 242 838 cile
265 783 379 858 surget,
403 799 435 839 os
459 782 487 838 ei
510 782 642 858 graviter
666 779 771 853 olebit,
799 777 951 836 incumbet
973 779 1005 834 in
1029 795 1063 836 eo
1086 779 1160 851 loco,
1184 797 1202 836 a

187 889 245 944 quo
264 871 397 943 vexatur,
416 869 531 944 tussiat,
553 869 747 945 purulentum
766 869 857 926 etiam
876 866 1025 926 exornabit
1043 866 1200 924 interdum.
1231 885 1244 924 s

186 959 273 1017 Turis
293 957 392 1016 drach.
412 958 451 1031 Π,
471 958 681 1016 aristolochiae
700 957 799 1016 drach.
818 956 849 1014 II
868 958 901 1014 in
919 976 1011 1013 unum
1030 955 1202 1028 contundes,

186 1067 253 1106 cum
276 1049 346 1106 vinc
370 1049 519 1123 tepefacto
542 1067 595 1122 par
618 1065 703 1106 nares
727 1046 850 1122 digeras
895 1045 973 1104 Item
996 1044 1117 1104 sulfuris
1140 1046 1203 1103 vivi

184 1136 282 1196 drach.
298 1136 336 1210 Π,
353 1136 562 1195 aristolochiae
578 1154 705 1194 samunc.
725 1133 864 1192 similiter
878 1133 970 1192 dabis.
1014 1131 1085 1192 Oibo
1101 1135 1201 1192 autem

183 1227 311 1284 maxime
336 1225 546 1284 sustentandus
571 1228 624 1300 est,
648 1227 683 1282 ut
702 1223 813 1282 habeat
835 1225 954 1299 corpori
976 1225 1200 1281 nutrimentum.

186 1313 259 1373 Gum
286 1317 402 1389 ruperit
425 1316 586 1387 vomicam,
616 1315 756 1372 cauteriis
779 1315 859 1371 eirca
888 1315 993 1388 pectus
1016 1311 1136 1384 aduras,
1166 1315 1201 1368 ut
1216 1333 1243 1370 ro

182 1405 302 1462 facilius
324 1405 503 1478 provocatus
525 1403 633 1461 humor
656 1405 781 1461 emanet.

481 1610 643 1675 CXVIII.
668 1609 717 1674 Dc
739 1611 903 1692 salopiae.

75 1733 221 1828 ffiffiffgn
267 1740 369 1799 Passio
393 1743 451 1814 est,
482 1759 572 1814 quam
596 1739 702 1798 Graeci
730 1739 925 1797 acedarmiam
948 1743 1069 1814 vocant,
1097 1739 1200 1798 Latini

224 1830 404 1906 coriaginem
427 1829 589 1904 appellant.
638 1827 727 1886 Cuius
745 1830 806 1887 ista
829 1831 898 1887 sunt
917 1829 1016 1904 signa:
1045 1831 1199 1902 macescet,

183 1921 246 1977 sina
268 1918 349 1976 fabra
368 1937 428 1976 non
447 1920 512 1985 erit,
536 1919 650 1976 corium
673 1917 753 1976 illius
772 1918 907 1975 haerebit
925 1916 964 1976 ad
982 1921 1088 1992 cosas,
1111 1919 1242 1994 spinare

182 2007 217 2065 fit
240 2007 349 2082 durior,
372 2009 405 2065 in
428 2007 514 2066 dorso
538 2009 601 2065 eins
620 2025 835 2082 nonnunquam
858 2007 1010 2064 furunculi
1028 2009 1108 2066 exire
1131 2025 1199 2064 con·
1288 2061 1290 2064 .

149 2099 353 2171 lacerarunt,
371 2089 467 2174 m'agis
487 2097 577 2154 etiam
597 2115 686 2171 quam
706 2095 821 2154 solebat
843 2097 960 2172 appetit
978 2095 1066 2155 cibes.
1110 2093 1199 2154 Cuius

182 2188 242 2245 ista
265 2187 379 2244 curatio
403 2189 461 2244 est:
484 2186 621 2260 thymum
641 2187 670 2242 et
693 2186 770 2244 sales
793 2204 860 2243 oum
879 2184 949 2244 vino
968 2184 1198 2243 Faliscorubro

183 2277 316 2334 conteres
339 2277 370 2333 et
392 2275 506 2348 tubera,
529 2276 556 2332 si
578 2276 689 2349 quain
713 2276 776 2333 eius
800 2277 870 2332 sunt
890 2293 1021 2348 corpore,
1045 2274 1198 2332 confricas.

182 2365 306 2422 Parabis
331 2365 421 2421 etiam
452 2364 544 2422 aliam
574 2363 757 2421 unctionem:
787 2363 897 2440 picam,
928 2381 1038 2438 ceram,
1068 2363 1197 2420 resinam
1214 2385 1242 2422 ao

255 2573 269 2619 2
290 2565 363 2620 Chir.
379 2584 401 2620 c.
418 2573 477 2621 384.
553 2573 585 2620 13
605 2565 679 2620 [thir.
695 2583 717 2620 c.
733 2572 793 2620 404.

254 2770 270 2816 4
289 2764 411 2832 resurgit
429 2765 457 2816 P
468 2767 506 2832 ΙΙ5
526 2763 674 2816 vexabitur
692 2764 732 2816 cd.
744 2779 789 2830 pr.
807 2765 835 2817 A
851 2765 854 2831 Ι
872 2764 900 2815 et
918 2780 979 2831 pur.
995 2779 1035 2815 ex.
1052 2763 1092 2816 ed.
1104 2779 1148 2830 pr.
1169 2764 1198 2814 at

182 2835 349 2904 purulentus
364 2834 535 2888 excreaverit
548 2835 566 2888 i.
582 2837 610 2889 A
624 2837 738 2888 excreat
752 2834 797 2887 cui
811 2835 881 2888 haec
897 2833 933 2887 da
945 2835 973 2888 P
984 2836 994 2903 ΙΙ
1008 2839 1024 2886 6
1038 2835 1058 2886 t.
1079 2833 1157 2903 drag.
1172 2832 1198 2884 ΙΙ

183 2910 210 2961 L
227 2925 290 2960 unc.
305 2905 331 2958 H
350 2907 390 2959 ed.
403 2923 446 2973 pr.
462 2907 523 2960 AP
550 2909 553 2974 Ι
586 2922 624 2960 ar.
640 2906 714 2958 drac.
730 2905 756 2957 H
774 2907 801 2958 L
818 2922 880 2958 unc.
896 2905 922 2956 H
940 2906 980 2959 ed.
991 2923 1036 2974 pr.
1051 2907 1079 2959 A
1097 2921 1160 2957 unc.
1176 2923 1197 2957 s.

182 2977 325 3046 pulveriza
339 2978 367 3031 P
384 2979 433 3045 qui
449 2979 556 3046 reliquo
570 2995 654 3044 usqae
673 2977 710 3030 od
729 2982 745 3030 8
765 2977 846 3030 dabis
865 2994 915 3030 cm.
942 2979 945 3045 Ι
970 2976 1001 3029 in
1019 2993 1074 3030 uno
1095 2993 1158 3029 cum
1172 2993 1196 3029 v.

183 3051 222 3104 ed.
237 3067 279 3118 pr.
294 3049 325 3102 in
343 3066 430 3102 unum
454 3065 517 3101 cum
536 3067 559 3101 v.
575 3051 603 3103 A
643 3050 652 3117 ΙΙ
693 3053 709 3102 8
729 3049 807 3118 drag.
822 3048 847 3100 ll
861 3050 888 3101 L
906 3064 968 3100 unc.
983 3047 1009 3098 H
1027 3048 1067 3102 cd.
1082 3065 1126 3116 pr.
1142 3049 1170 3101 A
1192 3047 1195 3118 Ι

183 3137 305 3175 samunc.
314 3122 411 3173 Luna.
423 3120 506 3174 semis
516 3121 555 3174 cd.
562 3137 607 3188 pr.
616 3122 644 3174 A
660 3122 664 3188 Ι
681 3119 811 3172 similiter
821 3136 871 3173 om.
881 3121 908 3172 A
922 3125 930 3180 ΙΙ
946 3124 960 3170 9
972 3118 1094 3187 corporis
1104 3119 1143 3171 ed.
1153 3135 1196 3185 pr.

183 3194 210 3246 A
229 3192 292 3245 cibo
311 3192 433 3244 maxima
448 3194 575 3244 sustenta
589 3192 621 3244 ut
635 3191 777 3244 nutriatur
791 3191 819 3244 P
830 3193 839 3260 ΙΙ
854 3197 887 3242 10
906 3192 1012 3244 etcum
1027 3190 1066 3242 cd.
1078 3207 1122 3258 pr.
1138 3191 1200 3243 AP

255 3269 287 3315 12
308 3263 452 3331 cartagine
471 3264 497 3316 L
516 3262 646 3315 cardiace
664 3265 692 3315 P
722 3264 730 3330 ΙΙ
764 3267 796 3312 13
814 3261 910 3329 passio
928 3278 978 3314 om.
994 3263 1022 3315 A
1051 3263 1055 3329 Ι
1084 3264 1128 3315 est
1145 3278 1196 3314 om.

182 3335 222 3386 ed.
237 3351 278 3402 pr.
295 3335 355 3387 AP
369 3337 373 3402 Ι
390 3333 574 3401 epidarmiam
588 3336 615 3387 L
634 3333 814 3386 ecidermiam
828 3335 856 3387 A
875 3332 1035 3386 cardiacam
1053 3335 1082 3387 P
1092 3335 1101 3401 ΙΙ
1117 3338 1149 3385 15
1169 3335 1198 3384 et

183 3404 242 3457 sine
261 3405 301 3458 ed.
312 3421 356 3471 pr.
372 3406 400 3458 A
416 3407 420 3473 Ι
437 3404 604 3459 adhaerebit
622 3404 706 3458 costis
721 3405 760 3458 ed.
772 3421 816 3471 pr.
832 3406 860 3458 A
880 3406 884 3472 Ι
904 3404 993 3471 pinna
1011 3420 1045 3458 ca
1062 3403 1130 3471 pina
1144 3405 1170 3456 L
1188 3403 1198 3474 ΙΙ

184 3481 215 3526 17
236 3489 322 3542 quam
341 3475 507 3528 adsueverat
525 3477 565 3530 ed.
578 3493 620 3542 pr.
636 3492 686 3529 om.
702 3477 730 3529 A
749 3491 835 3542 quam
854 3474 1029 3528 consueverit
1047 3476 1075 3528 P
1086 3476 1095 3543 ΙΙ
1115 3479 1147 3527 18
1168 3475 1197 3527 et

183 3545 256 3598 salas
275 3561 325 3598 om.
341 3547 375 3608 L,
394 3547 573 3600 hebetatione
593 3546 664 3600 coer.
682 3549 686 3614 Ι
703 3545 813 3598 Falisco
828 3547 862 3612 L,
881 3563 931 3600 cm.
946 3547 1018 3615 culp.
1033 3549 1042 3615 ΙΙ
1062 3551 1094 3598 19
1114 3545 1143 3598 in
1163 3562 1196 3599 ao

183 3618 249 3668 sunt
268 3614 353 3667 confr.
369 3615 408 3668 ed.
421 3633 464 3682 pr.
480 3617 541 3670 ΑΡ
554 3617 626 3671 Oto.
