2684 3926
482 234 622 289 MVLOM.
642 237 667 288 11
689 241 748 303 120,
765 243 814 290 121
1092 238 1157 300 215

142 403 249 462 tundet
278 403 379 462 dolore
409 407 545 482 cogente,
579 405 756 464 intermissis
791 406 871 463 horis
901 407 1158 484 refrigerationem

142 493 233 550 sentit
257 495 287 550 et
304 493 445 568 requiem.
493 493 557 553 Hac
576 495 692 552 ratione
711 494 859 553 curandus
878 499 935 554 est:
959 497 1049 569 acori,
1073 495 1158 568 anisi,
1200 571 1202 576 Ι

142 583 321 657 opopanacis
345 583 477 660 singulas
499 582 592 640 libras
614 583 729 657 pariter
752 584 914 643 contundes
938 587 969 642 et
991 597 1099 659 cernes,
1124 604 1158 643 ex
1231 595 1232 598 ’

143 690 201 745 quo
225 671 347 746 pulvere
371 671 429 730 duo
453 673 598 731 coclearia
621 672 652 730 in
675 674 739 730 vini
762 672 871 732 veteris
894 676 1024 732 sextario
1048 677 1078 732 et
1100 673 1159 732 olei

115 758 240 834 spendo
264 761 352 820 semis
374 761 493 834 misces,
517 763 548 819 et
570 761 705 836 tepidum
727 780 781 837 per
808 781 840 819 os
863 761 948 822 dabis
970 762 1079 820 triduo.
1126 763 1191 820 Sia

143 849 283 924 strophus
302 850 411 909 fortior
428 851 521 909 fuerit
543 852 573 908 et
590 869 651 908 non
669 851 743 908 facit
763 855 906 924 ventrem,
930 850 1055 910 caudam
1078 852 1158 909 intra

142 955 229 996 coxas
252 937 347 997 mittit
371 941 402 996 et
424 938 462 996 ad
486 941 619 996 ventrem
647 957 734 997 suum
757 957 915 999 conversus
939 940 1081 998 attendit:
1110 942 1159 998 cui

140 1028 295 1101 pulverem
313 1027 349 1084 de
368 1027 479 1086 semine
497 1030 583 1086 rutae
597 1029 753 1087 silvaticae
772 1047 839 1086 curn
853 1029 922 1088 vino
941 1048 994 1104 per
1013 1048 1045 1088 os
1064 1028 1157 1087 dabis.

141 1116 300 1174 Praeterea
328 1135 416 1192 cepas
440 1117 467 1174 X
490 1116 612 1191 deteris,
640 1116 712 1176 ficus
743 1119 834 1176 siccas
862 1119 957 1194 scrup.
977 1117 1060 1191 VHI,
1085 1119 1157 1176 nitri

101 1228 127 1265 ro
142 1223 237 1279 scrup.
261 1205 297 1277 V,
325 1207 463 1264 stercoris
498 1205 660 1264 columbini
694 1225 790 1280 scrup.
816 1206 869 1280 IV,
899 1227 934 1264 ex
968 1207 1076 1281 quibus
1106 1206 1157 1264 ad-

142 1293 207 1351 dita
234 1313 356 1352 amurca
387 1295 512 1369 collyria
541 1295 633 1354 facies
661 1298 691 1352 et
720 1294 792 1352 bina
819 1295 868 1353 vel
896 1299 984 1354 terna
1012 1298 1157 1354 inanum

141 1382 251 1440 mittes.
299 1382 332 1439 Si
354 1402 424 1442 vero
452 1383 560 1443 fortius
588 1385 692 1442 venter
718 1383 917 1459 induraverit,
945 1387 1083 1442 convenit
1106 1385 1190 1443 ad·3

140 1470 242 1528 hibere
272 1471 459 1546 mysterium,
493 1473 544 1531 sed
574 1475 657 1548 prius
692 1477 826 1532 ventrem
856 1493 934 1548 aqua
964 1473 1062 1532 calida
1088 1493 1156 1548 per·

141 1559 268 1634 fovebis,
296 1563 367 1618 tunc
391 1579 493 1619 sucum
522 1561 671 1634 cantabri,
694 1563 726 1619 iu
755 1581 813 1638 quo
838 1562 950 1620 fuerint
973 1562 1059 1622 betae
1081 1562 1156 1621 mal·

101 1669 126 1708 15
137 1647 255 1725 'uaeque
279 1649 429 1724 decoctae,
458 1669 525 1709 cum
548 1652 627 1710 nitro
655 1655 684 1708 et
706 1652 826 1710 hemina
854 1652 913 1710 olei
937 1654 967 1709 et
990 1651 1157 1728 palumbini

141 1739 279 1796 stercoris
297 1738 341 1794 IV
360 1739 521 1815 scrupulis3
545 1760 671 1816 pronum
690 1742 852 1800 constitues
871 1743 902 1800 et
919 1759 973 1817 per
991 1761 1079 1798 anum
1099 1742 1156 1798 ini-

142 1826 200 1886 cias
219 1828 351 1886 iumento
370 1831 415 1886 ita
439 1832 473 1886 ut
491 1832 560 1904 post
583 1830 741 1906 clysterem
766 1829 938 1888 deambulet
960 1831 1155 1904 aliquantum.

140 1916 203 1974 Alii
227 1917 262 1974 de
284 1916 354 1976 fimo
378 1919 487 1993 leporis
511 1937 578 1976 cum
596 1937 703 1977 novem
726 1919 908 1977 coclearibus
927 1919 1024 1977 mellis
1039 1922 1078 1983 ,et
1100 1919 1155 1976 XV

141 2007 242 2080 granis
265 2007 377 2081 piperis
405 2006 507 2064 addito
531 2009 662 2066 caulium
690 2025 759 2065 suco
787 2014 840 2082 per
868 2027 900 2066 os
923 2007 1084 2066 salubriter
1106 2007 1155 2065 de·

140 2094 277 2152 fundunt.

179 2269 230 2388 132'3
247 2262 303 2316 Pel.
320 2281 342 2317 c.
360 2269 418 2317 130.
484 2264 575 2318 orel.
592 2281 614 2318 c.
632 2271 690 2317 131.
758 2272 789 2319 12
809 2265 904 2320 Pele.
922 2272 981 2319 132.
1046 2271 1078 2319 18
1097 2265 1155 2320 Pel.

140 2352 162 2388 c.
234 2377 238 2386 .

213 2483 226 2530 1
247 2478 393 2533 emissores
412 2479 476 2532 refr.
492 2481 518 2533 L
535 2483 538 2550 1
554 2479 752 2550 refrigeratum
771 2483 798 2534 A
817 2484 826 2550 11
847 2487 862 2534 2
882 2483 997 2549 potione
1016 2483 1056 2536 ed.
1068 2499 1112 2550 pr.
1128 2484 1155 2536 A

141 2549 220 2602 cuius
232 2549 302 2602 haec
317 2552 361 2603 est
375 2567 442 2604 cura
452 2553 480 2604 P
490 2553 499 2620 11
514 2555 529 2604 3
544 2553 603 2604 tere
614 2553 642 2604 et
656 2552 748 2605 cribra
757 2554 785 2604 P
797 2554 806 2622 11
820 2560 837 2605 4
852 2555 881 2606 et
895 2553 950 2606 olei
964 2554 1058 2622 pondo
1068 2569 1118 2608 om.
1131 2555 1158 2606 P

140 2622 170 2674 et
184 2638 207 2673 0.
223 2619 296 2674 libra
312 2639 348 2674 m.
364 2623 390 2675 L
404 2624 443 2690 115
463 2622 601 2676 admisces
616 2625 654 2676 ed.
668 2641 711 2690 pr.
727 2624 789 2678 ΑΡ
800 2627 808 2693 11
823 2629 838 2676 6
855 2624 878 2677 si
898 2625 1060 2692 strophosus
1075 2625 1155 2695 (stro-

139 2692 212 2760 phus
226 2693 294 2761 LP)
308 2692 394 2746 fuerit
408 2694 447 2747 cd.
454 2711 498 2761 pr.
516 2695 607 2748 ALP
619 2710 686 2748 corr.
697 2695 777 2749 Solae.
793 2697 827 2762 cf.
843 2697 899 2749 Pel.
918 2698 922 2764 1
938 2699 967 2750 et
981 2713 1041 2749 non
1051 2695 1156 2749 emittit

140 2765 263 2817 stercora
282 2767 310 2816 et
329 2781 350 2816 c.
367 2764 395 2815 P
413 2767 416 2832 1
437 2765 511 2818 inter
529 2767 568 2818 cd.
579 2783 624 2834 pr.
641 2767 702 2819 AP
717 2768 726 2834 11
746 2771 759 2817 7
781 2783 802 2819 c.
819 2783 884 2820 suas
903 2785 938 2819 m.
954 2768 993 2820 cd.
1004 2784 1048 2835 pr.
1065 2768 1109 2835 Ρ1
1127 2769 1156 2820 et

139 2851 189 2889 oui.
205 2835 250 2903 Ρ1
267 2852 347 2888 suum
367 2835 505 2889 convertit
522 2839 550 2889 P
568 2852 597 2889 sc
617 2853 639 2889 c.
655 2839 712 2891 Pel.
736 2839 745 2906 11
768 2842 784 2889 8
802 2855 829 2905 p.
846 2838 960 2891 reminis
979 2856 999 2890 r.
1020 2838 1155 2894 silvestris

139 2907 167 2960 P
187 2907 196 2974 11
220 2911 235 2958 9
255 2907 359 2960 deteris
378 2909 437 2961 AL
455 2909 515 2959 tere
533 2908 562 2961 P
576 2909 683 2962 veteres
703 2908 743 2961 cd.
754 2926 799 2977 pr.
835 2911 838 2979 1
873 2909 963 2962 siccae
982 2910 1022 2962 ed.
1034 2927 1078 2977 pr.
1098 2909 1116 2960 f.
1133 2926 1152 2962 s.

138 2994 201 3031 unc.
216 2976 255 3029 IV
269 2978 297 3032 P
312 2981 321 3047 11
341 2984 373 3031 10
391 2978 451 3030 fimi
470 2995 492 3032 o.
509 2981 536 3032 P
554 2980 563 3047 11
586 2984 618 3031 11
639 2995 753 3032 amurca
768 2981 795 3033 P
811 2980 902 3033 muria
917 2982 943 3034 L
956 2980 1038 3033 urina
1056 2980 1097 3033 ed.
1108 2997 1153 3048 pr.

139 3054 166 3101 A
198 3051 207 3117 11
240 3055 271 3100 12
291 3049 427 3102 immittes
445 3051 485 3102 cd.
497 3067 541 3118 pr.
562 3050 626 3104 vino
644 3049 689 3104 vel
713 3052 807 3104 ternas
826 3067 925 3104 manus
944 3051 1034 3105 mittit
1051 3053 1079 3105 A
1098 3052 1153 3105 duo

137 3119 184 3172 vel
201 3120 257 3172 tria
275 3136 361 3173 manu
379 3137 429 3188 per
447 3121 603 3188 posteriora
621 3122 704 3175 mitte
718 3124 746 3176 P
766 3125 770 3189 1
793 3122 920 3175 induruit
938 3124 978 3176 ed.
990 3139 1034 3191 pr.
1055 3122 1155 3176 -ruerit

138 3191 166 3243 P
183 3191 268 3244 -ravit
287 3195 312 3244 A
334 3195 343 3261 11
363 3199 396 3244 13
416 3190 536 3260 clystere
555 3194 616 3246 ΑΡ
636 3195 645 3261 11
669 3198 702 3246 14
722 3193 914 3246 cantabricum
933 3194 962 3246 in
982 3209 1038 3261 quo
1056 3194 1096 3247 cd.
1107 3211 1152 3262 pr.

138 3261 349 3316 cantabricum
368 3279 424 3330 qua
443 3265 469 3316 A
490 3263 618 3317 cantabri
637 3263 667 3315 in
686 3280 760 3331 aqua
779 3281 842 3317 cum
861 3281 917 3332 qua
932 3266 958 3318 L
977 3263 1105 3318 cantabri
1124 3265 1154 3319 in

139 3349 215 3399 aqua
234 3334 405 3388 decoctionis
424 3333 450 3387 b.
470 3337 499 3387 et
516 3353 552 3388 m.
568 3337 596 3388 P
637 3340 639 3392 1
684 3334 777 3388 bletae
795 3337 867 3406 vulp.
886 3336 944 3389 vite
963 3335 1083 3402 albaque
1101 3337 1127 3390 L
1145 3337 1155 3409 11

139 3409 171 3456 15
192 3407 221 3458 et
238 3423 288 3458 rim.
304 3407 330 3459 L
346 3407 350 3474 1
367 3405 520 3459 columbini
539 3407 618 3460 Pcd.
630 3423 674 3474 pr.
694 3409 703 3474 11
723 3411 755 3459 lt
775 3424 879 3474 pronus
898 3408 925 3460 A
951 3409 955 3475 1
981 3407 1153 3460 constituens

138 3474 255 3528 animali
273 3491 324 3544 per
342 3493 366 3530 a.
385 3477 485 3531 inicies
506 3479 636 3544 (laeuae)
656 3479 689 3530 ut
706 3479 734 3530 P
759 3480 768 3547 11
801 3483 833 3530 17
852 3477 1011 3531 inambulat
1029 3480 1068 3532 ed.
1081 3495 1126 3545 pr.
1148 3481 1150 3546 1

139 3544 346 3613 aliquantulum
365 3549 405 3601 cd.
417 3566 461 3616 pr.
477 3551 505 3603 A
517 3567 568 3602 oui.
584 3551 631 3618 Ρ11
653 3554 685 3601 18
706 3548 755 3602 alii
773 3549 870 3600 fimum
888 3550 927 3602 ed.
940 3567 984 3618 pr.
1004 3565 1029 3602 a.
1049 3549 1107 3602 fimi
1125 3553 1153 3604 A

138 3633 163 3670 a.
178 3617 275 3670 fenum
288 3621 316 3671 P
331 3621 335 3688 1
352 3618 403 3671 XV
416 3636 467 3673 om.
477 3621 504 3673 L
518 3623 527 3688 11
543 3625 575 3673 19
590 3619 760 3673 defoderunt
774 3622 800 3674 L
815 3618 977 3674 diffundunt
991 3621 1017 3674 A
1033 3620 1116 3674 -dant
1126 3623 1156 3674 P
