2952 3922
508 177 649 231 MVLOM.
668 177 708 230 IV
726 183 742 230 3
1068 175 1132 240 285

112 367 194 422 neus,
215 349 351 423 quotiens
371 349 478 406 humor
495 348 643 423 pessimus
661 347 694 404 in
713 345 837 405 diversis
851 345 987 421 partibus
1003 347 1134 422 corporis

112 437 206 495 bobus
239 438 369 512 erumpit
401 439 431 495 et
463 437 602 494 decurrit.
657 436 713 494 Est
742 435 963 510 elephantiasis
996 437 1134 510 quotiens

113 527 197 584 velut
223 525 336 584 scabies
366 527 499 584 minutae
528 526 681 584 cicatrices
711 527 819 582 exeunt
848 526 932 582 extra
961 524 1073 582 corium
1097 524 1135 580 ad

113 615 342 673 similitudinem
360 615 530 674 lenticulae.
576 614 631 672 nst
652 615 780 688 insania,
804 631 880 688 quae
900 613 1019 671 refectis
1042 612 1135 672 bobus

87 705 205 779 scripit
228 723 360 778 sensum,
390 706 426 761 ut
455 722 510 762 neo
533 703 659 762 audiant
688 722 769 761 more
799 702 888 760 solito
919 721 973 761 nec
1000 701 1135 777 videant3

115 813 150 850 ex
187 813 246 868 qua
278 795 417 868 passione
449 792 601 851 celerrime
638 792 819 866 moriuntur,
858 790 993 867 quamvis
1025 791 1135 850 hilares

114 883 298 960 pinguesque
327 882 494 940 videantur.
539 881 582 939 Hi
609 899 710 940 omnes
739 880 836 940 morbi
866 880 1042 958 contagione
1066 881 1169 939 suntb

114 973 209 1046 pleni3
240 974 270 1030 et
302 971 327 1029 si
359 991 452 1028 unum
484 970 597 1028 animal
629 969 892 1046 apprehenderint,
930 971 1065 1028 celeriter
1098 969 1136 1027 ad

115 1063 216 1118 omnia
247 1062 404 1118 transeunt
438 1062 468 1118 et
498 1059 540 1118 sic
569 1059 721 1118 interdum
757 1061 809 1117 aut
838 1059 970 1135 integris·
994 1059 1135 1118 armentis

74 1172 100 1211 io
116 1151 168 1206 aut
187 1148 324 1208 omnibus
343 1149 463 1208 domitis
483 1149 611 1207 afferunt
629 1150 776 1206 interitus.
818 1147 903 1206 Unde
926 1147 1009 1206 omni
1027 1148 1136 1222 studio,

115 1257 190 1312 quae
214 1239 305 1296 semel
323 1240 472 1312 temptata
491 1239 620 1312 fuerunt,
640 1237 824 1315 segreganda
847 1239 916 1295 sunt
940 1238 1083 1295 animalia
1106 1240 1137 1295 et

115 1327 153 1384 ad
184 1345 220 1385 ea
248 1327 315 1384 loca
345 1326 505 1396 mittenda,
539 1327 592 1384 ubi
621 1327 738 1384 nullum
773 1326 885 1385 animal
914 1329 1069 1402 pascatur,
1099 1346 1136 1383 ne

115 1417 292 1492 contagione
317 1435 371 1474 sua
394 1415 530 1474 omnibus
549 1417 715 1491 periculum
733 1418 875 1493 generent
899 1418 929 1473 et
951 1416 1137 1493 negligentia

116 1505 229 1562 domini
259 1505 336 1563 sicut
366 1506 442 1564 solet
473 1525 490 1563 a
521 1505 621 1563 stultis
651 1504 772 1564 divinae
803 1506 970 1580 imputetur
999 1505 1135 1564 offensae.

76 1615 101 1657 ra
117 1593 281 1652 Evincendi
312 1596 414 1652 tamen
444 1597 514 1653 sunt
545 1597 575 1653 et
605 1596 761 1670 exquisitis
795 1593 933 1652 remediis
970 1594 1170 1669 expellendiss

117 1682 301 1742 acerbissimi
314 1683 419 1742 morbi.
452 1684 600 1742 Panacem
615 1703 632 1742 1
647 1683 830 1759 seplasiariis
845 1701 1009 1759 comparas.
1041 1684 1170 1758 Erpa-7
1251 1707 1253 1712 ‘

116 1774 187 1848 gion
210 1775 311 1831 autem
333 1773 425 1832 herba
455 1773 580 1847 dicitur,
611 1792 687 1848 quae
717 1774 749 1831 in
771 1774 860 1832 litore
888 1775 1022 1831 nascitur
1044 1791 1137 1849 prope

116 1861 226 1919 undam
254 1861 359 1935 marie,
387 1862 489 1920 florem
512 1862 602 1921 habet
630 1863 717 1937 quasi
740 1881 864 1921 aureum
886 1861 934 1920 vel
957 1860 1136 1938 gelbineum,

116 1950 190 2008 folia
214 1952 277 2009 eius
301 1953 370 2008 sunt
394 1953 481 2026 quasi
507 1952 582 2010 folia
610 1951 713 2009 cardui
741 1952 899 2024 silvestris,
929 1953 1008 2008 inter
1032 1969 1137 2008 arenas

76 2038 240 2097 solitorum
258 2039 426 2116 largissime
445 2042 561 2116 spargit
578 2039 706 2114 radices3
725 2039 779 2098 has
799 2039 964 2098 effodisset
981 2041 1014 2096 in
1032 2039 1138 2096 umbra

117 2127 242 2184 siccatas
273 2127 418 2186 servabis:
450 2128 590 2187 adversus
619 2129 755 2186 morbum
784 2131 848 2186 tam
877 2147 1020 2202 equorum
1047 2145 1136 2203 quam

116 2215 206 2274 boum
237 2215 399 2290 plurimum
431 2219 564 2291 prosunt.
613 2217 659 2274 Ex
692 2216 799 2292 quibus
833 2217 916 2292 potio
949 2219 1171 2292 componitur8

116 2304 189 2362 ista:
207 2303 317 2362 radicis
335 2307 458 2380 panacis
472 2307 604 2380 itemque
617 2306 727 2365 radicis
742 2305 851 2364 herbae
871 2307 988 2382 eryngii
1001 2325 1066 2364 uno.
1081 2305 1136 2378 IH,

117 2395 239 2452 seminis
263 2412 380 2468 quoque
403 2395 528 2452 feniculi
550 2413 615 2454 unc.
634 2394 681 2452 HI
703 2397 818 2471 pariter
845 2395 954 2453 deteris
978 2395 1137 2472 diligenter

77 2505 102 2546 ae
118 2481 260 2558 addisque
284 2484 399 2542 farinae
427 2484 562 2542 triticeae
590 2487 662 2542 sext.
682 2484 697 2542 I
719 2486 764 2542 ita
787 2487 822 2542 ut
848 2485 931 2559 prius
955 2485 1138 2543 frumentum

190 2677 207 2724 4
226 2671 261 2724 cf.
276 2671 346 2740 Veg.
361 2670 387 2722 Π
406 2675 447 2723 87.
523 2676 556 2724 10
576 2670 633 2725 001.
648 2670 686 2724 VI
705 2677 761 2737 5‚2
781 2672 815 2724 cf.
832 2670 900 2741 Veg.
915 2671 954 2723 ΙΠ
972 2671 1041 2740 prol.
1060 2677 1081 2724 1.

121 2749 152 2796 16
173 2742 207 2796 cf.
224 2742 320 2812 Vegl
339 2748 381 2809 17,
399 2747 439 2795 14.
611 2777 613 2782 -

191 2927 206 2974 2
225 2936 276 2989 per
295 2920 401 2974 corium
419 2920 445 2972 b.
463 2936 485 2974 e.
506 2922 535 2974 et
554 2919 640 2974 currit
656 2922 684 2974 P
699 2927 702 2982 ῑ
726 2920 929 2989 elephantiosis
948 2920 988 2974 cd.
1001 2937 1045 2988 pr.
1060 2937 1137 2974 -osus

119 2994 147 3046 A
160 2995 233 3046 -otes
253 2993 281 3046 P
292 2993 300 3060 ll
322 2997 338 3044 3
357 2992 483 3044 minutae
501 2991 633 3060 pustulae
652 2992 726 3046 cirea
745 3007 826 3044 nares
850 2992 894 3046 vel
913 2991 1016 3046 collum
1036 2993 1138 3044 exeunt

119 3063 155 3116 ad
175 3081 195 3116 s.
211 3065 256 3132 ΡΙ
274 3067 302 3116 et
322 3063 358 3116 ad
378 3081 398 3116 s.
415 3065 455 3116 ed.
468 3081 511 3130 pr.
527 3065 555 3117 A
578 3065 586 3130 ΙΙ
614 3064 745 3116 amanio
763 3064 803 3116 ed.
816 3081 859 3130 pr.
879 3079 980 3116 manca
995 3065 1022 3116 A
1041 3063 1138 3116 inania

118 3137 158 3188 sic
176 3136 204 3188 P
222 3137 230 3202 tl
253 3139 268 3186 9
288 3150 383 3188 omnes
403 3136 430 3187 A
448 3134 543 3203 plures
562 3135 590 3188 P
610 3135 619 3201 ll
644 3141 673 3186 11
696 3137 715 3187 t.
732 3136 798 3187 sunt
816 3134 852 3186 ab
872 3135 935 3186 aliis
955 3136 1138 3202 segregentur

119 3206 290 3259 animalibus
309 3209 338 3258 et
356 3206 393 3258 ad
412 3204 463 3257 illa
482 3205 545 3259 loca
562 3205 713 3258 mittantur
731 3207 759 3260 P
779 3208 788 3274 l
813 3211 846 3258 13
864 3207 980 3275 generet
998 3205 1038 3258 ed.
1051 3221 1094 3272 pr.
1110 3207 1138 3259 A

120 3280 192 3346 (ab),
211 3277 334 3330 inferant
348 3279 376 3332 P
387 3279 396 3346 ll
413 3283 444 3331 16
463 3277 554 3331 morbi
572 3277 657 3329 variis
676 3276 805 3345 expensis
824 3278 957 3330 curantur
976 3278 1004 3330 P
1019 3279 1068 3344 qai
1085 3277 1105 3348 §
1121 3281 1138 3329 7

119 3367 169 3402 ora.
188 3352 191 3416 Ι
207 3367 235 3417 p.
251 3348 450 3417 supplessariis
469 3349 509 3402 cd.
521 3365 565 3416 pr.
581 3350 609 3402 A
622 3365 690 3402 corr.
709 3349 788 3402 Geso.
812 3349 822 3416 l
844 3353 876 3402 19
896 3349 997 3402 cardus
1016 3347 1138 3401 silvestri

120 3421 147 3472 A
161 3422 170 3488 ΙΙ
185 3424 218 3472 20
238 3420 380 3488 spargitur
398 3421 438 3473 ed.
449 3437 494 3487 pr.
512 3423 515 3486 Ι
532 3419 640 3472 radices
659 3420 723 3474 add.
742 3420 821 3474 Geso.
846 3421 854 3486 ΙΙ
880 3425 913 3472 22
934 3419 1040 3484 Quibus
1059 3420 1137 3488 potio

120 3491 176 3542 ista
194 3491 226 3542 fit
244 3492 309 3556 Pl}
327 3509 348 3542 r.
363 3491 470 3560 yringi,
495 3490 665 3558 opopanacis
689 3507 743 3543 ana
764 3507 826 3544 unc.
841 3490 888 3558 ΠΙ,
908 3490 1021 3544 seminis
1041 3489 1138 3544 fenicli
1192 3521 1195 3528 ·

120 3561 235 3614 ancill
254 3560 338 3614 simul
357 3564 415 3615 tere
434 3564 531 3631 Pilia
550 3562 626 3615 foeni
644 3562 741 3632 cdpr.
758 3563 786 3616 A
