2684 3926
176 211 241 273 218
616 207 751 262 VEGETI
832 245 835 252 ·

176 380 337 437 consuevit.
384 377 439 437 011
466 398 519 454 par
546 397 632 436 nares
658 377 808 436 suffundas
836 379 914 437 laser
943 377 1139 452 Cyrenaicum
1162 377 1197 434 in

176 470 246 526 vino
269 467 370 543 tepido
394 467 567 527 resolutum.

390 675 527 740 CXXV.
552 674 601 739 Dc
624 677 703 740 tussi
725 677 827 739 orariis
847 677 976 756 generis,

67 799 211 893 {Fssglsffffgn
258 807 408 882 Frequens
439 808 469 863 et
498 805 629 864 deforme
657 806 765 863 vitium
792 809 823 863 et
853 805 933 880 quod
960 805 1106 864 maximae
1130 804 1194 862 ani-

210 896 337 956 malium
355 897 436 970 parti
459 894 576 969 accidit,
600 894 690 954 tussis
714 897 767 954 est.
813 892 894 962 Quae
912 894 1065 953 interdum
1087 896 1193 969 sponte
1225 912 1237 951 s

175 985 295 1059 desinit,
319 983 470 1042 interdum
493 983 777 1043 medicamentorum
799 983 915 1042 ratione
940 986 1073 1058 curatur,
1100 984 1193 1040 inter-

174 1075 245 1132 dum
263 1073 439 1132 insanabilis
457 1074 576 1148 penitus
595 1072 754 1131 invenitur.
792 1071 962 1132 Difficultas
984 1076 1084 1131 autem
1107 1091 1191 1130 eura-

174 1164 265 1222 tionis
290 1162 428 1240 emergit,
457 1161 528 1237 quia
551 1179 670 1235 causae,
698 1181 734 1220 ex
756 1161 865 1238 quibus
887 1163 978 1221 tussis
1002 1161 1146 1234 evenerit,
1174 1180 1193 1218 a

174 1251 360 1312 medentibus
387 1270 441 1309 nec
471 1251 680 1309 discernuntur
708 1269 762 1308 neo
792 1250 1004 1329 intelliguntur
1030 1251 1191 1309 interdum.

174 1340 270 1410 Quam
306 1342 476 1416 passionem
513 1341 659 1398 universis
696 1341 868 1399 auctoribus
901 1340 1041 1413 evolutis,
1068 1343 1191 1420 ¹quanto
1209 1359 1235 1398 ro

174 1431 305 1488 crebrius
325 1430 447 1504 accidit,
475 1432 560 1488 tanto
586 1429 748 1488 studiosius
776 1429 954 1489 credidimus
979 1429 1190 1505 exponendam.

62 1613 65 1616 .
176 1637 272 1702 CXX
278 1639 332 1702 VI.
356 1637 406 1702 Dc
428 1639 507 1701 lassi
529 1659 608 1718 quoe
630 1603 714 1701 uenit
734 1639 763 1700 si
783 1639 865 1718 quod
885 1638 1029 1718 faucibus
1051 1638 1191 1702 haeserit.

66 1759 210 1854 haitid?
257 1769 454 1843 Exasperatio
483 1769 536 1825 aut
567 1769 679 1825 iniuria
708 1767 840 1827 faucium
871 1767 1080 1844 gravissimam
1113 1787 1191 1826 oom-

213 1859 313 1914 movet
335 1856 450 1931 tussim,
474 1857 611 1931 quotiens
635 1859 688 1914 aut
710 1856 790 1931 pilus
815 1858 867 1914 aut
890 1857 984 1914 arista
1007 1861 1060 1915 aut
1083 1876 1115 1916 os
1139 1860 1191 1915 aut

174 1946 312 2004 surculus
336 1948 389 2003 aut
406 1945 530 2021 lapillus
554 1947 606 2004 aut
625 1945 742 2020 aliquid
764 1945 925 2004 inhaeserit
943 1937 1066 2023 gutturi.
1109 1945 1190 2014 Quae
1206 1963 1232 2002 rs

173 2054 219 2092 res
244 2035 317 2093 adeo
340 2035 508 2110 periculosa
532 2038 585 2107 est,
609 2037 644 2092 ut
666 2035 725 2093 nisi
744 2032 879 2092 celeriter
902 2033 1104 2109 subveniatur,
1128 2035 1189 2092 ani-

173 2124 303 2184 malibus
332 2144 386 2199 per
415 2125 635 2199 impatientiam
666 2123 777 2183 doloris
807 2124 955 2183 insaniam
985 2127 1113 2202 generet.
1155 2123 1190 2181 In

174 2213 235 2272 sole
265 2213 360 2292 igitur
389 2214 549 2291 diligenter
575 2213 728 2288 inspicite,
759 2214 790 2271 et
808 2215 834 2272 si
864 2213 936 2288 quid
960 2215 1029 2286 erit,
1060 2212 1189 2273 evellito.

138 2303 218 2360 2Ex
241 2302 344 2378 tepida
363 2305 463 2376 etiam,
486 2302 589 2360 addito
612 2302 686 2360 nitri
703 2301 835 2378 pulvere,
858 2302 957 2360 infusa
975 2303 1101 2380 spongia
1124 2321 1190 2377 per·

172 2394 291 2469 tergito.
337 2391 451 2450 Deinde
474 2392 540 2450 oleo
563 2409 648 2450 roseo
670 2391 772 2465 tepido
802 2411 868 2450 cum
891 2393 961 2450 lana
984 2391 1123 2449 obturato
1147 2393 1188 2449 lo·
1204 2410 1231 2448 ao

172 2499 251 2553 curn,
282 2481 333 2556 qui
356 2480 594 2558 indignationem
618 2479 753 2538 sustinet.
799 2479 872 2538 Post
899 2479 978 2538 diem
1000 2482 1122 2538 tertium
1146 2480 1188 2538 la·

244 2738 295 2792 ll.
321 2742 349 2791 et
372 2740 514 2805 cyriacum
541 2739 581 2792 ed.
597 2757 642 2808 pr.
661 2737 680 2794 l.
705 2739 848 2806 cyriacum
871 2742 899 2794 P
920 2739 937 2791 1.
964 2739 1111 2793 cirmaicus
1134 2741 1162 2794 A
1183 2740 1186 2810 1

171 2809 254 2864 initio
272 2827 293 2864 r.
314 2811 342 2864 P
353 2813 391 2878 112
412 2810 535 2863 solutum
553 2811 592 2864 ed.
604 2827 648 2878 pn.
668 2808 788 2864 refectus
807 2813 835 2865 A

243 2888 259 2934 4
278 2882 440 2950 frequenter
459 2881 536 2934 omni
559 2897 661 2951 genere
680 2881 706 2933 d.
722 2899 746 2935 v.
761 2882 801 2935 eol.
814 2899 858 2950 pr.
874 2883 901 2935 A
918 2885 921 2950 1
945 2898 977 2935 eo
996 2882 1071 2950 quod
1091 2883 1131 2935 ed.
1144 2899 1187 2950 pr.

172 2955 200 3007 A
218 2956 247 3006 11
266 2972 291 3022 q.
307 2955 335 3007 P
351 2953 428 3021 quod
447 2955 476 3006 et
493 2955 520 3007 L
554 2955 557 3021 1
592 2952 713 3005 maxime
732 2953 793 3020 pati
817 2952 987 3007 animalibus
1012 2953 1117 3007 accidit
1136 2955 1161 3007 L
1179 2954 1188 3024 11

171 3031 187 3076 5
203 3026 246 3078 est
259 3042 309 3079 oni¹
321 3027 347 3078 L
364 3027 368 3092 1
385 3042 424 3093 sp.
441 3024 467 3076 d.
479 3023 528 3076 int.
540 3041 590 3078 ora.
601 3025 627 3077 L
641 3026 650 3092 11
665 3024 803 3077 611111.-
812 3023 913 3078 interd.
924 3041 974 3078 om.
985 3026 1012 3078 A
1027 3026 1036 3093 11
1051 3031 1065 3077 7
1081 3027 1176 3079 autem

171 3095 337 3150 animalium
355 3099 383 3151 A
406 3099 415 3165 11
438 3103 452 3147 t
473 3095 614 3150 interdum
634 3113 684 3148 oni.
700 3097 727 3150 A
749 3097 758 3164 11
784 3102 814 3148 11
836 3096 974 3149 credimus
993 3096 1032 3150 ed.
1046 3113 1088 3164 pr.
1104 3098 1164 3151 AP

80 3221 82 3224 .
171 3167 345 3236 expositione
364 3170 392 3222 A

246 3245 278 3290 13
298 3239 437 3308 expiratio
456 3241 481 3292 L
515 3241 518 3306 1
551 3238 592 3290 Ex
610 3237 773 3306 potionibus
793 3239 888 3292 autem
906 3238 1040 3292 iniuriam
1058 3237 1187 3292 faucibus

172 3313 199 3363 A
213 3312 222 3378 11
238 3316 271 3361 14
289 3310 365 3378 pilus
380 3313 408 3365 A
426 3310 518 3378 pulvis
537 3311 577 3362 ed.
590 3327 634 3378 pr.
650 3310 730 3378 LPtl
745 3315 778 3360 15
797 3311 848 3362 aut
861 3308 879 3362 l.
896 3309 998 3376 aliquis
1017 3310 1146 3364 inhaeret
1160 3328 1186 3378 g.

172 3383 200 3434 P
220 3388 228 3449 11
253 3386 286 3432 16
305 3381 369 3434 ideo
388 3382 413 3434 L
437 3383 446 3449 11
475 3387 506 3434 11
527 3396 678 3433 mammam
696 3382 812 3448 generet
831 3382 873 3448 (ecc
891 3378 936 3450 -it)
956 3382 982 3434 L
1003 3382 1013 3450 11
1037 3387 1070 3434 18
1090 3384 1186 3436 etom.

171 3451 760 3520 1111111111111111111111111111.111.Α
782 3453 786 3519 1
806 3451 903 3506 vellito
923 3453 948 3504 L
962 3454 971 3520 11
987 3457 1020 3505 19
1040 3453 1187 3522 spongiam

171 3522 269 3589 111120
288 3522 392 3590 tergito
411 3523 451 3574 ed.
464 3540 506 3589 pr.
527 3525 606 3591 terge
625 3524 675 3589 ΡΙ
697 3522 799 3577 deinde
818 3540 867 3576 om.
884 3525 910 3576 L
936 3525 938 3593 1
965 3523 1022 3576 obt.
1043 3525 1128 3591 atque
1146 3523 1186 3576 lo-

172 3609 236 3644 cum
254 3593 280 3645 L
298 3595 301 3659 1
318 3593 448 3645 obturato
460 3599 536 3646 -21
552 3593 649 3646 lanam
667 3611 717 3646 om.
733 3595 760 3646 A
