2952 3922
540 201 680 256 MVLOM.
701 203 739 254 IV
759 208 862 255 17-21
1146 203 1209 266 301

429 364 528 430 XIX.
552 361 602 428 Dc
619 366 809 446 praefractis
832 367 982 430 00001100.

260 465 440 536 Praefractis
456 497 525 536 vero
544 477 680 536 cornibus
695 478 820 538 linteola
835 479 896 536 sale
911 480 1001 552 atque
1016 469 1100 536 aceto
1112 481 1141 536 et
1179 471 1293 564 Πζξὸξῇῑ

193 568 258 626 0100
288 567 377 624 inlita
400 569 655 643 superponuntur,
685 566 787 643 ligatis
818 586 871 643 per
899 567 1032 624 triduum
1056 567 1159 625 eadem

193 655 399 714 infunduntur.
446 655 558 724 Quarto
588 655 635 714 die
658 655 788 733 axungia
808 675 874 714 cum
898 657 963 732 pice
988 656 1072 714 arida
1096 659 1126 714 et
1149 675 1212 714 cor-

167 747 252 805 stice
276 747 352 820 pini'
364 745 430 820 pari
449 745 578 820 pondere
602 747 726 803 contusa
747 744 905 822 diligenter
929 746 1102 821 apponitur,
1126 745 1213 803 etad

194 834 334 892 ultimum
357 854 424 893 cum
447 835 509 892 iam
533 833 699 892 cicatricem
724 833 835 892 ducunt
857 834 951 911 fuligo
975 835 1139 891 infricatur.

551 1005 630 1069 XX.
653 1007 708 1070 Ad
728 1026 852 1070 vermes.

1140 1119 1145 1130 ·
1181 1111 1292 1161 mesae

262 1117 366 1176 Solent
395 1121 495 1176 autem
524 1117 660 1194 neglecta
689 1119 789 1177 ulcera
819 1135 932 1175 vermes
959 1136 1070 1191 creare,
1097 1137 1149 1193 qu1
1177 1196 1178 1200 Ἰ
1203 1163 1269 1204 (ΜΠ,

194 1208 220 1266 si
239 1226 326 1265 mane
347 1226 382 1264 ex
404 1226 482 1282 aqua
502 1207 614 1283 frigida
632 1206 862 1282 perfunduntur,
886 1209 984 1284 rigore
1003 1209 1066 1266 eius
1092 1225 1159 1265 con·

155 1295 286 1354 retracti
308 1293 534 1371 decidunt3'vel
558 1298 584 1353 si
606 1296 679 1354 haec
702 1299 780 1354 ratic
803 1295 879 1353 nihil
902 1297 1075 1372 profecerit,
1098 1314 1211 1354 marru-

194 1385 278 1443 bium
301 1387 354 1442 aut
376 1405 499 1462 porrum
523 1387 686 1443 conteritur
709 1388 739 1443 et
762 1387 854 1443 mixto
879 1387 939 1446 sale
962 1385 1139 1461 imponitur,
1162 1385 1211 1443 vel

195 1475 283 1533 calcis
307 1473 393 1532 vivae
416 1473 516 1550 pulvis
540 1477 700 1550 spargitur,
726 1476 780 1532 aut
803 1473 972 1532 cucurbitae
996 1473 1100 1533 viridis
1124 1492 1211 1533 sucus

195 1557 266 1621 cum=
286 1566 369 1622 aceto
392 1563 574 1622 immittitur.
620 1563 748 1638 Ideoque
772 1565 919 1622 universis
946 1563 1092 1622 ulceribus
1115 1563 1245 1639 picem?

195 1653 354 1727 liquidam,
385 1654 482 1712 oleum
510 1655 594 1711 vetus
626 1672 692 1710 cum
716 1655 845 1730 axungia
873 1655 990 1728 oportet
1018 1652 1152 1710 adhiberi
1182 1655 1212 1710 et

155 1732 180 1800 re
195 1733 278 1800 extra
301 1743 425 1800 vulnera
448 1741 538 1800 etiarn
564 1741 666 1800 eodem
693 1742 909 1800 medicamento
940 1741 1145 1814 circumliuiri,
1175 1760 1211 1799 ne

194 1831 373 1890 infestentur
396 1850 413 1889 a
436 1831 558 1906 muscis,
588 1851 663 1906 quae
686 1851 800 1890 vermes
828 1833 927 1889 creent
950 1850 1017 1889 cum
1040 1829 1211 1889 vulneribus

195 1920 365 1978 insederint.

430 2055 528 2120 XXI.
553 2056 776 2120 Democritus
799 2061 979 2136 serpentum.

264 2166 415 2242 Serpentis
439 2186 556 2242 quoque
579 2169 657 2226 ictus
680 2169 851 2226 mortiferus
875 2169 920 2225 est
942 2167 1047 2238 bobus,
1072 2166 1123 2224 sed
1154 2161 1191 2200 1¹1
1199 2159 1318 2253 &effi-3⁸

156 2278 182 2317 ro
197 2259 227 2313 et
255 2257 403 2314 minorum
433 2255 608 2314 animalium
636 2257 757 2314 noxium
786 2257 876 2316 virus.
931 2255 1009 2314 Nam
1039 2255 1157 2330 viperae
1366 2247 1367 2254 ¹

247 2431 249 2434 .
269 2395 301 2442 19
322 2387 379 2442 Col.
394 2389 432 2442 VI
453 2395 493 2442 11.

269 2520 282 2566 1
303 2516 398 2568 tenure
412 2517 444 2567 irc
455 2515 482 2566 L
495 2517 504 2584 11
519 2521 534 2566 2
549 2514 650 2584 praefr.
666 2516 692 2569 L
709 2515 762 2569 Oct.
778 2514 847 2582 perf.
862 2515 933 2584 culp.
949 2517 957 2584 11
973 2520 987 2566 3
1002 2513 1085 2566 inlita
1100 2529 1201 2582 superp

196 2587 222 2639 L
241 2585 350 2639 imbuta
364 2588 506 2654 ponuntur
520 2588 560 2640 ed.
572 2604 615 2655 pr.
631 2588 659 2639 A
693 2587 696 2654 1
730 2586 833 2655 legatis
848 2587 874 2638 L
890 2585 1098 2654 superligatisq.
1114 2585 1153 2638 ed.
1165 2602 1209 2652 pr.

196 2660 224 2711 A
247 2660 255 2726 11
279 2664 295 2709 4
319 2659 420 2724 quarta
444 2657 489 2712 die
512 2661 623 2712 tantum
646 2658 685 2710 cd.
701 2675 745 2726 pr.
766 2658 793 2710 A
816 2658 930 2711 tandem
955 2659 987 2710 ei.
1010 2657 1090 2710 Grec.
1110 2659 1210 2724 quarto

197 2729 309 2782 demum
330 2728 384 2782 Ool.
415 2731 418 2795 1
449 2747 474 2796 p.
490 2727 600 2796 liquida
620 2729 674 2783 coe.
705 2736 709 2796 1
740 2729 843 2782 cortice
861 2728 954 2797 inpari
972 2746 999 2796 p.
1016 2727 1042 2780 L
1068 2730 1077 2796 11
1101 2735 1116 2780 5
1137 2730 1209 2779 cont.

197 2799 246 2852 dil.
262 2815 311 2853 cm.
327 2799 366 2853 001.
377 2818 421 2868 pr.
438 2801 465 2852 A
482 2800 485 2868 1
502 2800 656 2868 imponitur
669 2801 762 2868 001100.
778 2800 806 2852 A
819 2801 858 2867 116
877 2800 1035 2868 producunt
1049 2799 1088 2851 ed.
1100 2816 1145 2866 pr.
1161 2800 1188 2852 A
1204 2803 1206 2866 1

196 2870 286 2941 fuligo
305 2873 331 2924 L
348 2871 402 2926 001.
423 2872 515 2924 subito
534 2871 574 2924 cet.
587 2889 629 2938 pc.
645 2873 672 2924 A

269 2947 283 2994 'l
304 2942 339 2994 de
357 2957 450 2994 verme
464 2942 609 2994 vulnerum
624 2943 651 2995 A
665 2944 673 3010 11
688 2947 703 2994 8
724 2957 795 3009 quae
814 2943 887 3012 culp.
901 2943 910 3010 11
925 2947 940 2994 9
961 2938 1097 2996 contracti
1112 2941 1151 2993 ed.
1163 2959 1208 3008 pr.

199 3014 253 3068 coe.
268 3013 391 3066 contacti
405 3015 465 3067 LA
479 3015 487 3083 11
503 3018 535 3066 10
555 3013 692 3082 profuerit
706 3015 732 3066 L
746 3016 754 3082 11
770 3018 800 3065 11
822 3016 850 3065 01
864 3031 900 3066 m.
915 3013 941 3066 L
961 3012 1034 3065 adm.
1050 3013 1089 3065 cd.
1101 3029 1145 3079 pr,
1161 3013 1188 3064 A
1202 3013 1210 3085 11

198 3090 231 3136 12
250 3083 422 3154 inspergitur
436 3091 460 3138 01
473 3085 596 3136 mittitur
609 3085 648 3138 cd.
661 3101 704 3152 pr.
720 3087 748 3138 A
762 3087 770 3152 11
786 3089 818 3136 14
834 3087 862 3137 01
879 3084 1029 3152 axungiam
1044 3084 1083 3136 cd.
1095 3100 1140 3150 pr.
1156 3085 1183 3136 A
1201 3083 1210 3153 11

198 3161 231 3208 16
251 3172 273 3208 e.
288 3174 312 3208 v.
331 3158 444 3208 tantum
462 3156 522 3210 eod.
538 3156 773 3208 medicamentum
793 3154 980 3208 circumliuire
999 3156 1025 3208 L
1052 3158 1061 3223 11
1086 3159 1118 3206 16
1138 3170 1209 3220 quae

197 3228 223 3281 L
241 3227 286 3279 vel
305 3228 344 3280 ed.
357 3244 400 3295 pr.
416 3230 444 3281 A
475 3230 484 3295 11
520 3234 551 3279 11
572 3226 726 3281 insederint
744 3229 772 3280 A
790 3226 942 3279 inciderint
960 3227 999 3280 ed.
1011 3243 1055 3294 pr.
1075 3225 1209 3278 insidunt.

197 3297 259 3350 finis
279 3298 314 3351 de
333 3299 406 3351 euris
425 3299 510 3351 boum
529 3300 555 3351 L
569 3299 616 3364 101.
633 3303 692 3361 660,
716 3299 813 3351 deinde
832 3299 885 3350 ΙΙΙ
903 3298 990 3350 lineae
1010 3297 1148 3364 0001101000
1166 3313 1210 3350 cc-

196 3375 264 3434 0001,
279 3370 310 3421 cu
324 3372 378 3422 inco
392 3371 516 3439 maspiter
529 3371 581 3424 eiu.
593 3371 738 3436 seriptum:
756 3369 785 3420 in
800 3368 870 3436 opin
887 3369 913 3437 (i.
930 3367 1073 3436 synopsin)
1090 3368 1124 3419 de
1138 3383 1210 3419 mor-

197 3439 274 3492 sibus
294 3443 454 3508 serpentum
478 3457 500 3492 0.
518 3446 541 3506 1,
556 3443 649 3510 perpet
670 3441 798 3506 1016711
827 3439 987 3492 Mortiferus
1013 3439 1084 3492 ictus
1109 3439 1158 3491 sed
1181 3439 1209 3490 in

196 3529 232 3563 m.
249 3526 273 3562 a.
287 3527 362 3563 mors
379 3513 412 3564 ut
430 3511 505 3564 virus

269 3587 302 3634 20
321 3582 418 3650 vipera
437 3585 465 3635 01
484 3582 583 3636 celicia
602 3583 641 3637 ed.
652 3600 696 3651 pr.
712 3584 740 3636 A
758 3581 873 3651 (cicilia)
