2668 3920
194 186 242 240 XL
587 185 627 239 Do
652 185 821 240 auctoribus.

263 354 418 413 Interdum
440 353 484 430 fit,
506 357 541 413 ut
562 354 707 433 Vegetius
730 355 883 414 dormitet:

262 452 336 530 Veg.
356 454 385 527 2,
406 453 478 526 118,
499 454 517 512 3
537 453 683 527 aiiqamaii
706 455 770 512 saa
794 469 854 512 aaa
878 453 990 512 aciatoe
1012 453 1063 512 sed
1085 453 1216 514 aeaco

195 544 369 617 amacium
382 586 390 599 .
405 587 412 600 .
427 541 565 621 degerant
1315 597 1316 600 ,

266 637 346 697 Chir.
361 640 424 698 406
439 657 511 698 aaoa
524 639 609 698 mciii
623 643 753 699 amora
762 639 899 698 arceant
911 640 963 698 icc
975 640 1080 698 aima
1093 657 1215 700 maia

196 745 256 787 noa
274 729 379 787 tabae
394 773 401 786 .
462 773 468 786 .
484 773 490 786 .
506 773 512 785 .
526 729 578 787 hoc
596 728 668 788 dare
686 731 713 788 ei
731 729 860 788 debebis:
876 729 1015 803 saepiae
1031 731 1213 804 saccinam,
1315 737 1316 782 1

195 817 247 877 scd
268 818 408 886 maenae,
430 833 491 876 aori
512 817 624 876 osidae
639 861 645 876 .
661 862 690 876 ..

262 914 406 992 Vegetius
428 915 524 991 igitur
551 913 589 974 ad
611 914 774 974 remedium
796 933 959 990 properans
985 915 1082 974 multa
1104 916 1214 991 omisit,

196 1006 231 1063 ut
263 1005 409 1077 aliaaaaii
439 1003 516 1062 illud
547 1022 625 1062 nunc
655 1022 716 1063 non
749 1003 859 1062 habeat
891 1022 949 1078 quo
981 1004 1135 1064 referatur.
1174 1005 1215 1062 at
1315 1039 1316 1072 i

197 1094 331 1152 sescenta
354 1092 415 1152 alia
438 1091 549 1152 similia
570 1094 697 1168 possunt
719 1092 829 1170 colligi.

264 1189 330 1248 Iam
352 1191 387 1248 ut
408 1191 512 1267 paucis
542 1189 824 1267 comprehendamus
852 1209 927 1265 quae
954 1189 1108 1267 disputata
1136 1193 1215 1266 sunt,
1315 1223 1316 1280 p

198 1279 235 1338 de
255 1297 342 1355 opere
357 1277 466 1356 Vagati
483 1279 539 1338 hoc
557 1279 677 1338 videtur
690 1279 889 1339 statuendum.
916 1278 1015 1356 Ipsius
1027 1279 1137 1358 Vegeti
1154 1298 1215 1338 non
1315 1305 1316 1356 i

161 1387 163 1391 ’
199 1370 269 1427 sunt
291 1366 351 1426 nisi
368 1368 568 1445 praefationes
592 1371 622 1426 et
644 1369 773 1444 paucula
791 1367 840 1427 hic
862 1368 926 1427 illic
944 1366 1093 1446 adspersa,
1116 1369 1214 1428 fontes
1315 1377 1316 1438 ἕ

197 1456 328 1516 habebat
345 1458 419 1516 tres:
444 1454 647 1533 Columellam,
668 1459 717 1516 cui
734 1458 833 1516 totum
851 1457 911 1516 fere
925 1456 1035 1516 librum
1052 1457 1097 1516 Iv
1110 1460 1215 1534 postea
1315 1481 1316 1494 2

199 1546 348 1605 adiectum
380 1544 481 1620 debet,
516 1545 727 1622 Pelagoniam,
760 1545 926 1605 versionem
957 1545 1215 1624 Hippiatn'corum
1315 1549 1316 1552 ’

198 1636 294 1694 latine
316 1634 441 1692 iactam:
469 1636 500 1692 et
526 1635 580 1693 hos
604 1634 723 1709 quidem
750 1634 792 1694 sic
820 1633 941 1693 adhibet
965 1637 999 1694 ut
1023 1654 1216 1712 quaecunque

201 1723 228 1782 ei
246 1723 295 1782 vel
313 1723 419 1782 melius
438 1722 518 1782 dicta
540 1724 588 1782 vel
605 1723 700 1782 fusius
720 1722 854 1799 exposita
871 1722 1060 1797 videbantur3
1078 1724 1111 1783 in
1128 1742 1216 1784 usum

198 1830 284 1870 suum
306 1814 450 1886 verteret3
473 1811 545 1872 ordo
568 1830 648 1885 sane,
674 1830 734 1887 quo
755 1812 853 1870 morbi
878 1814 908 1870 et
930 1831 1016 1871 curae
1040 1831 1215 1872 commemo-

198 1903 313 1974 rantur,
336 1899 373 1959 ab
397 1899 461 1977 ipso
484 1899 610 1977 Vegetio
634 1902 818 1979 excogitatus
843 1902 895 1960 est.

267 2005 368 2068 Pauca
398 2006 505 2066 addam
536 2006 608 2082 quid
638 2026 673 2065 ex
702 2006 834 2066 fontibus
862 2006 1028 2086 aVegctio
1055 2026 1149 2086 paene
1177 2009 1216 2066 ad

200 2096 325 2156 verbum
343 2097 497 2173 exscriptis
521 2096 559 2156 ad
577 2095 692 2155 codices
710 2095 819 2173 Vegeti
842 2095 1039 2156 aestimandos
1057 2096 1214 2156 redundet:
1315 2139 1316 2184 3

201 2204 272 2245 nam
294 2187 520 2260 repraesentant
541 2184 626 2244 nobis
649 2184 828 2262 Pelagoniae
856 2187 886 2244 et
909 2183 1019 2244 Chiron
1044 2188 1158 2245 textum
1181 2189 1217 2244 ut

197 2275 242 2333 ita
267 2273 364 2333 dicam
391 2273 501 2351 Vegeti
530 2275 778 2350 antiquissimum.
822 2271 1013 2334 Conferamus
1040 2275 1136 2354 igitur
1165 2292 1215 2334 eos
1315 2323 1316 2332 ,

197 2364 277 2422 locos
308 2362 415 2438 quibus
446 2381 547 2422 omnes
576 2365 666 2422 testes
696 2361 782 2422 nobis
813 2365 924 2422 servati
952 2366 1023 2422 sunt
1051 2365 1071 2421 i.
1096 2366 1216 2440 praeter

201 2449 278 2510 Chir.
304 2454 335 2510 et
351 2451 465 2529 Pelag.:
489 2451 552 2512 cod.
570 2450 596 2508 L
618 2483 655 2493 —
676 2454 713 2511 ut
734 2453 913 2511 recensionis
933 2453 1039 2530 plenae
1061 2453 1146 2512 testis
1169 2454 1214 2511 in-

201 2541 378 2617 tegerrimus
399 2571 437 2581 -
459 2543 490 2599 et
512 2540 575 2599 cod.
593 2539 618 2598 P
636 2540 737 2600 classis
761 2541 991 2617 epitomatorem
1014 2541 1080 2600 dux.

267 2645 420 2721 1,13,1:
444 2646 487 2705 ed
507 2665 564 2721 pn:
587 2647 764 2706 claudicabit
790 2647 911 2706 alteruis
932 2648 1059 2721 pedibus
1081 2648 1215 2718 diversas,
1315 2607 1316 2678 }

199 2735 283 2794 modo
300 2735 454 2810 praeibas
477 2735 806 2810 compeccatoribus
829 2736 853 2794 F
876 2737 910 2795 cl.
928 2737 1012 2795 modo
1035 2737 1215 2811 depedace
1315 2739 1316 2746 ’

196 2824 350 2900 prioritas
376 2824 460 2883 modo
488 2823 523 2882 de
544 2828 621 2899 post.
644 2825 757 2883 diverso
784 2825 885 2898 modc;
911 2823 965 2882 LP
989 2825 1164 2886 claudicabit
1180 2843 1214 2900 p.

200 2913 322 2972 divesis
348 2913 433 2972 modo
450 2916 543 2987 post.,·
565 2910 624 2971 AG
647 2913 681 2972 ci.
709 2912 744 2972 de
766 2914 893 2987 pedibus
916 2931 966 2988 pr.
989 2914 1102 2976 aevoso
1129 2915 1214 2974 modo

201 3003 263 3060 iam
286 3001 419 3061 conferas

265 3098 364 3174 Peiaa.
384 3102 425 3157 14
449 3099 585 3158 amodo
608 3099 642 3158 de
658 3099 812 3175 prioribus
829 3100 914 3159 modo
936 3101 972 3159 de
988 3101 1215 3174 posticariam

205 3186 282 3248 caer.
308 3205 330 3246 c.
352 3190 467 3263 17710.
489 3188 538 3256 55,
564 3190 598 3246 6.·
625 3189 758 3262 abigeis
779 3193 856 3263 post.
877 3191 1032 3262 partibas·
1058 3190 1151 3264 Hae.
1169 3191 1215 3250 26

199 3275 352 3354 gosiniacas
375 3280 437 3348 τοῖς
459 3275 635 3356 ἔμπροσθεν,

268 3372 360 3434 Vides
384 3373 478 3452 igitur
506 3373 636 3433 codicem
658 3374 682 3432 F
705 3375 800 3433 solum
821 3375 930 3435 habere
952 3375 1075 3450 plenum
1099 3378 1214 3436 textum

201 3464 232 3610 {t
251 3481 273 3610 Ξ,
295 3461 457 3611 ξοίεςοιιὶο
486 3462 710 3538 comprobatum
738 3465 768 3522 et
789 3463 883 3539 ipsius
903 3464 1012 3542 Vegeti
1036 3465 1215 3542 repetitione

224 3597 232 3627 ,
273 3597 280 3626 ‚
322 3598 327 3609 .
