2682 3920
531 225 672 281 uvuou.
692 227 717 280 11
737 233 791 294 ra
1121 227 1162 290 97

152 400 183 456 et
206 399 324 474 gustus,
353 397 471 456 auditus
502 399 533 455 et
561 398 655 455 visus:
686 396 766 470 quod
788 398 934 471 quantum
962 396 1053 455 habet
1081 398 1163 472 pote-

151 487 253 560 statis,
281 487 401 544 tantum
430 485 557 545 sustinet
584 504 619 543 ex
648 485 791 562 languore
821 483 1007 544 discriminis.
1054 484 1198 544 Causas2

151 573 267 649 itaque,
296 593 331 632 ex
360 574 465 650 quibus
488 573 688 652 aegritudines
711 576 902 651 generentur,
931 578 962 632 et
984 574 1082 652 signa,
1111 594 1165 650 per

152 681 228 738 quae
251 664 383 738 qualitas
406 663 566 722 earundem
588 664 684 739 possit
707 663 836 738 agnosci,
859 681 946 721 curas
969 662 1068 736 etiam,
1092 683 1163 738 qua-

123 771 220 812 trum
237 753 353 811 medela
371 753 484 810 sanitas
497 754 658 827 revocetur,
672 769 726 827 per
743 751 877 810 ordinem
892 750 1022 810 indicare
1037 755 1163 828 tempta·
1257 797 1260 802 .

150 841 256 900 bimus.
297 840 474 916 Plerumque
498 844 598 900 autem
619 841 652 898 in
672 841 843 916 corporibus
866 840 1064 898 iumentorum
1087 841 1198 899 indi-3

152 930 294 1007 gestionis
317 929 391 988 vitio
415 932 535 1008 sanguis
559 930 765 1006 corrumpitur.
801 927 886 997 Quod
909 929 1016 1004 evenit,
1039 948 1106 987 cum
1129 949 1163 988 ex

151 1021 238 1078 aestu
265 1019 313 1076 vel
341 1018 451 1096 frigore
485 1019 643 1078 debilitata
673 1021 742 1078 sunt
768 1017 900 1076 membra
929 1021 960 1076 et
988 1018 1069 1076 noxii
1097 1038 1163 1078 san-

152 1108 252 1185 guinis
275 1108 357 1167 virus
383 1107 415 1165 in
444 1111 535 1183 caput
561 1125 591 1166 sa
614 1108 708 1181 rapit:
735 1110 807 1165 tunc
830 1107 908 1164 enim
935 1108 1057 1184 repletis
1079 1109 1163 1166 venis

110 1217 138 1256 ro
152 1196 264 1255 cerebri
291 1197 463 1256 membrana
487 1196 665 1256 distenditur
694 1198 725 1253 et
754 1195 850 1254 somni
876 1196 1084 1255 salubritatem
1106 1198 1163 1256 fre-

151 1287 277 1361 quenter
299 1285 436 1344 excludit.
482 1287 528 1344 le
551 1304 609 1360 quo
637 1286 802 1344 necessario
830 1284 916 1343 dolor
945 1287 1062 1360 capitis,
1084 1305 1163 1344 mae-

152 1373 236 1432 stitia
259 1377 288 1432 et
306 1375 497 1434 imbecillitas
516 1374 713 1449 subsequitur.
754 1371 835 1441 Quae
854 1373 995 1432 valetudo
1019 1377 1050 1433 et
1066 1376 1163 1449 prima

115 1463 117 1470 '
150 1463 270 1522 ridetur
292 1467 323 1521 et
344 1464 446 1538 levior,
470 1464 496 1522 si
518 1463 604 1522 velox
626 1462 773 1521 medicina
797 1461 974 1521 subvenerit.

524 1705 572 1770 H.
596 1705 646 1770 Dc
669 1707 785 1786 opicae.

110 1859 137 1899 15
219 1835 355 1896 Ceterum
374 1854 441 1894 oum
459 1838 564 1895 noxius
582 1838 704 1913 sanguis
717 1836 921 1896 membranam
940 1836 1052 1895 cerebri
1070 1856 1106 1896 ex
1136 1847 1268 1888 masan.

149 1944 211 1984 una
241 1928 327 2002 parte
359 1925 526 2001 pertuderit
558 1926 588 1983 at
620 1924 743 1984 eandem
776 1925 876 1984 dolore
908 1926 1001 1984 nimio
1032 1925 1163 2001 coeperit

82 2067 86 2076 .
150 2033 356 2090 praegravare,
375 2013 503 2072 efficitur
521 2015 633 2073 animal
652 2015 802 2089 apiosum:
826 2013 908 2072 cuius
927 2017 958 2072 et
975 2033 1057 2073 mens
1076 2014 1162 2073 hebe-

150 2105 235 2162 tatur
257 2105 287 2162 et
309 2102 398 2164 visus.
439 2102 519 2160 Nam
542 2101 654 2161 cerebri
675 2103 865 2161 incolumitas
889 2105 919 2160 et
942 2103 1043 2161 oculos
1066 2103 1163 2177 pascit

151 2194 182 2250 et
203 2211 313 2252 sensus.
354 2191 391 2250 In
418 2211 479 2266 qua
500 2191 636 2267 passione
666 2189 736 2265 quia
765 2209 917 2266 unapars
947 2190 1054 2265 capitis
1077 2209 1162 2265 prae-

110 2304 136 2342 ao
151 2283 302 2356 gravatur,
324 2284 469 2357 tanquam
492 2280 531 2339 ad
553 2280 664 2338 molam
687 2280 772 2338 vadit
793 2278 826 2337 in
848 2299 962 2356 gyrum.

222 2527 238 2574 6
257 2520 330 2574 Ghir.
345 2538 367 2574 o.
383 2527 443 2575 256.
518 2525 550 2574 15
570 2519 643 2573 Chir.
659 2537 681 2574 o.
697 2524 756 2574 267.

223 2777 236 2823 1
258 2772 286 2824 et
304 2787 354 2824 om.
369 2770 408 2823 ed.
420 2786 464 2838 pr.
490 2770 494 2840 l
519 2785 553 2822 ao
571 2787 595 2823 v.
611 2769 651 2823 ed.
662 2785 706 2837 pr.
733 2770 736 2837 Ι
761 2769 932 2837 potestatem
950 2771 978 2822 P
998 2769 1007 2837 ll
1030 2768 1161 2821 2labore

150 2843 190 2896 cd.
202 2859 246 2910 pr.
261 2843 270 2911 ll
285 2846 300 2894 3
319 2843 489 2909 generantur
505 2843 532 2894 P
543 2842 552 2909 ΙΙ
566 2845 583 2892 4
597 2839 749 2894 eorundem
767 2841 806 2893 cd.
817 2857 862 2908 pr.
877 2841 906 2893 P
916 2841 955 2908 llo
974 2838 1100 2892 iudicare
1114 2841 1141 2893 P
1152 2839 1162 2910 ll

151 2919 167 2966 6
185 2912 338 2982 plurimum
357 2913 385 2966 A
406 2913 415 2980 ΙΙ
439 2916 453 2963 ‘l
472 2910 548 2965 vitiis
568 2911 596 2966 A
620 2913 624 2980 Ι
649 2910 794 2982 sanguinis
812 2909 958 2979 plenitudo
978 2912 1006 2964 P
1018 2910 1090 2965 onir.
1108 2911 1111 2978 Ι
1128 2925 1162 2962 ex

150 3001 201 3038 om.
216 2986 244 3038 P
268 2986 278 3053 ΙΙ
305 2989 320 3036 8
339 2985 378 3037 stc
397 2985 430 3037 P.
450 2983 526 3037 etin
545 2981 638 3052 capite
656 2981 744 3034 frixus
767 2982 882 3052 sanguis
902 2981 1021 3034 vertitur
1038 2980 1068 3033 in
1086 2981 1161 3034 virus

150 3056 190 3109 ed.
201 3072 247 3123 pr.
267 3053 381 3124 sanguis
400 3055 437 3122 (7)
461 3053 631 3108 convertitur
653 3052 684 3106 in
705 3053 780 3106 virus
799 3055 827 3107 A
849 3059 895 3107 cet.
915 3069 965 3106 om.
1002 3053 1011 3120 ΙΙ
1051 3057 1067 3104 9
1087 3049 1161 3106 enim

150 3128 312 3196 om.P1110
330 3125 485 3179 membrani
504 3125 703 3178 distenduntur
721 3126 748 3178 P
762 3127 766 3194 Ι
783 3123 934 3177 salubritas
951 3122 984 3176 fr.
1004 3122 1162 3176 excluditur

150 3199 199 3266 Pp
214 3203 246 3250 12
266 3194 342 3250 subit
360 3198 399 3250 ed.
411 3214 455 3264 pr.

223 3273 256 3322 15
271 3285 339 3322 exu.
351 3286 377 3335 p.
388 3269 428 3322 cd.
434 3285 479 3336 pr.
500 3284 534 3322 ex
550 3283 637 3320 unam
647 3269 757 3335 partem
766 3265 940 3334 pertonderit
950 3266 977 3320 A
990 3267 1000 3334 ll
1016 3272 1047 3319 16
1062 3265 1159 3320 eadem

151 3341 178 3392 P
207 3342 216 3409 ΙΙ
249 3343 282 3392 17
302 3339 441 3393 etom.A
475 3341 479 3408 l
518 3338 685 3392 evitaturP
713 3339 722 3406 ll
757 3343 790 3390 18
810 3339 839 3390 et
856 3336 918 3390 visu
937 3338 964 3390 P
997 3337 1007 3406 ll
1044 3342 1075 3389 19
1095 3341 1160 3418 quia

150 3465 178 3517 A
204 3464 213 3534 ll
241 3467 275 3516 20
293 3462 372 3517 vadit
390 3462 420 3516 in
437 3481 538 3534 gyrum
556 3464 595 3517 ed.
612 3481 671 3532 pr:
689 3462 731 3516 ita
749 3460 816 3528 aqui
835 3423 911 3531 &qui
931 3462 966 3531 G)
985 3460 1061 3514 mulo
1080 3459 1161 3513 addit

150 3533 384 3674 {ffimrtrbffi
408 3534 474 3602 equi
501 3533 577 3587 mulo
606 3535 721 3605 [equum
748 3534 798 3586 aut
825 3531 932 3585 mulum
963 3533 1000 3602 V]
1028 3531 1104 3600 rapit
1129 3530 1161 3584 in

203 3706 327 3745 Vneaurus
341 3704 375 3744 ed.
389 3703 555 3744 Lemmatzach.
986 3695 1000 3742 7
