2684 3926
475 229 615 284 MVLOM.
635 231 661 283 11
680 237 740 298 140,
757 237 805 285 141
1088 232 1152 296 237

134 401 243 474 cibum,
266 400 355 475 pedes
375 401 499 458 trahunt
523 403 552 457 et
575 418 642 458 cum
661 400 875 475 producuntur,
897 401 1093 459 succumbunt
1116 401 1155 459 ad

136 489 269 566 singulos
289 508 415 566 gressus
438 508 492 564 per
514 508 601 548 nares
620 489 724 547 defluit
742 491 849 563 sanies,
872 489 1002 568 gravedo
1021 490 1155 549 nascitur

137 579 244 653 capitis
268 582 302 636 ut
330 578 475 637 deiciatur
499 578 537 637 ad
559 582 684 651 terram,
712 578 751 636 ad
774 577 954 656 surgendum
977 579 1025 637 vel
1049 578 1086 638 ad
1110 580 1154 636 in-

137 666 299 728 cedendum
331 667 472 726 deficiunt
508 669 640 744 corporis
676 669 763 726 vires.
820 665 1007 726 Generaliter
1039 670 1188 728 curatio3

109 755 195 821 sista
218 758 376 816 succurrit:
406 757 506 814 locum
529 759 581 831 qui
603 775 759 832 percussus
783 759 828 816 est
851 759 920 816 ante
942 755 1043 816 omnia
1067 757 1154 814 fumi-

137 845 222 922 gabis
241 848 388 906 succensis
407 848 492 906 testis
513 864 636 904 ovorum
655 845 794 923 gallinae,
814 865 890 921 quae
907 845 989 920 prius
1008 845 1154 904 infuderis

136 937 169 992 in
192 937 289 1007 aceto,
320 935 423 994 addito
448 937 540 994 etiam
563 953 655 994 cornu
685 936 804 994 cervino
828 934 876 993 vel
899 934 1036 1012 galbano.
1083 933 1155 994 Post

136 1023 340 1084 suffimentum
371 1024 437 1082 loca
464 1027 531 1100 ipsa
563 1023 744 1083 scarificabis
773 1027 803 1082 et
840 1025 1016 1101 sanguinem
1049 1042 1084 1081 ex
1107 1023 1153 1082 his

137 1114 268 1186 emittes,
300 1113 348 1171 vel
383 1115 461 1172 certe
492 1115 624 1172 cauterio
654 1115 754 1172 inures
786 1113 866 1186 loca,
899 1131 974 1188 quae
1007 1116 1155 1172 venenata

96 1227 122 1264 ro
136 1203 228 1276 pestis
252 1202 396 1278 attigerit.
444 1199 607 1261 Observare
636 1205 737 1260 autem
760 1200 893 1275 debebis,
922 1221 960 1259 ne
987 1203 1040 1260 aut
1063 1204 1189 1276 suprad

136 1291 298 1348 articulum
320 1293 424 1348 autin
442 1292 575 1349 nervosis
598 1291 670 1349 locis
689 1293 722 1349 in
741 1309 916 1366 quacunque
939 1292 1076 1366 passione
1099 1310 1154 1348 un-

137 1397 227 1452 quam
250 1381 415 1437 cauterium
433 1398 535 1455 ponas.
581 1379 706 1438 Adustis
729 1381 809 1438 enim
831 1381 930 1438 nervis
953 1381 1001 1438 vel
1021 1380 1154 1438 articulis

135 1470 281 1543 perpetua
307 1467 448 1526 debilitas
476 1472 679 1544 consequetur.
727 1467 785 1529 Sed
812 1469 973 1546 diligenter
1000 1468 1154 1528 considera

137 1559 166 1614 et
189 1559 243 1614 aut
261 1559 396 1632 superius
416 1561 468 1616 aut
486 1559 611 1618 inferius
629 1558 773 1633 pusillum
794 1577 885 1633 quam
902 1559 987 1616 nervi
1010 1559 1063 1616 aut
1082 1559 1153 1616 arti-

94 1647 197 1709 iaculi
214 1649 293 1720 sunt,
317 1664 382 1704 cum
401 1649 562 1707 necessitas
581 1648 682 1721 fuerit,
705 1667 821 1722 appone
845 1649 986 1706 cauteria.
1031 1646 1154 1705 Animal
1171 1650 1187 1706 5

136 1738 235 1793 autem
260 1735 340 1812 quod
362 1739 508 1796 venenata
535 1737 664 1796 bestiola
691 1737 839 1815 tetigerit,
869 1737 988 1812 expedit
1010 1739 1045 1794 ut
1068 1735 1154 1795 sudet

135 1827 165 1882 et
188 1824 293 1884 calidis
317 1828 397 1904 sagis
425 1829 619 1901 coopertoriis
642 1827 812 1885 involutum
836 1825 1005 1884 deambulet
1028 1828 1058 1883 et
1082 1827 1154 1883 fari-

135 1931 205 1970 nam
223 1914 418 1974 hordeaceam
436 1918 469 1974 in
488 1914 552 1974 cibo
572 1918 679 1989 sumat,
703 1913 813 1975 additis
833 1915 987 1974 frondibus
1011 1915 1153 1972 fraxineis

136 2005 165 2059 et
188 2002 300 2062 vitibus
324 2003 409 2062 albis.
455 2004 491 2062 In
514 2004 606 2081 plaga
629 2007 728 2062 autem
752 2004 810 2062 mel
832 2003 967 2062 Atticum
989 2003 1038 2062 vel
1061 2004 1153 2061 cumi-

94 2113 121 2151 ao
136 2109 207 2147 num
231 2109 298 2150 oum
320 2094 391 2151 rino
415 2094 509 2150 veteri
531 2095 659 2150 mixtum
686 2094 864 2151 calefactum
889 2095 1008 2167 oportet
1030 2093 1152 2166 imponi.

135 2177 281 2236 Nonnulli
300 2183 412 2239 stercus
436 2181 559 2240 suillum
579 2200 680 2254 recens
704 2184 734 2239 et
757 2182 933 2240 melantium
955 2182 1063 2238 tritum
1086 2199 1154 2258 cum

135 2269 206 2326 vino
238 2269 364 2328 miscent
400 2272 430 2327 et
467 2269 644 2328 calefactum
679 2272 766 2345 quasi
794 2270 978 2344 cataplasma
1008 2269 1154 2327 inducunt
1178 2279 1181 2284 '

136 2354 276 2416 addentes
299 2359 417 2416 urinam
440 2358 610 2417 humanam.

207 2513 222 2562 9
243 2507 315 2562 Chir.
332 2527 354 2562 c.
370 2515 430 2562 518.
505 2516 536 2563 21
558 2509 630 2564 Chir.
647 2527 669 2564 o.
690 2516 749 2564 519.

208 2657 222 2703 1
242 2651 393 2706 trahuntur
411 2652 451 2706 ed.
464 2670 508 2721 pr.
524 2654 552 2707 A
579 2655 583 2720 Ι
608 2653 800 2721 perducuntur
818 2654 845 2706 A
868 2655 877 2722 ll
901 2658 916 2705 2
936 2653 1079 2724 ingressus
1098 2654 1126 2706 A
1144 2633 1153 2724 ll

136 2728 151 2774 3
171 2721 213 2776 ita
231 2725 263 2776 ut
277 2723 317 2776 cd.
330 2741 373 2792 pr.
388 2725 415 2776 A
432 2726 436 2790 Ι
453 2724 490 2777 ad
505 2731 563 2779 tert.
577 2741 628 2778 om.
643 2726 683 2778 ed.
696 2742 740 2792 pr.
756 2725 784 2777 P
795 2726 834 2792 1ιό
853 2724 931 2777 locus
947 2767 952 2777 .
970 2767 975 2778 .
992 2767 997 2777 .
1012 2723 1153 2794 fumigan-

135 2795 187 2847 dus
207 2796 251 2876 est
268 2795 308 2848 ed.
319 2811 364 2863 pr.
381 2797 408 2848 A
427 2797 437 2864 ΙΙ
457 2801 473 2848 6
492 2811 545 2848 ova
563 2790 687 2866 gallinae
705 2795 783 2864 prius
803 2798 831 2850 A
850 2796 885 2849 de
904 2794 1012 2865 gallina
1031 2797 1058 2850 P
1081 2798 1085 2862 Ι
1111 2794 1153 2846 in-

135 2882 266 2953 funderis
285 2901 311 2954 L
330 2899 436 2955 fuderis
456 2902 484 2954 P
500 2900 631 2956 infundes
650 2903 689 2956 ed.
702 2920 745 2970 pr,
761 2904 788 2956 A
816 2905 825 2970 ll
853 2905 868 2954 8
888 2901 1047 2956 suffimento
1066 2902 1092 2955 L
1112 2901 1152 2954 fo-

135 2974 261 3025 mentum
279 2974 358 3040 AP!
375 2971 537 3025 sclaricabis
552 2973 578 3026 L
592 2975 631 3042 tlt
651 2973 784 3027 candenti
803 2972 876 3026 ferro
896 2973 1035 3027 comburis
1055 2972 1094 3026 ed,
1107 2989 1151 3040 pr.

135 3045 163 3097 A
182 3060 260 3113 sang.
275 3042 360 3096 fluere
378 3043 424 3097 fac
442 3042 487 3096 vel
505 3060 555 3098 ure
569 3044 702 3098 candenti
721 3044 846 3098 cauterio
862 3043 925 3097 loca
940 3048 967 3099 P
978 3046 987 3114 ΙΙ
1003 3049 1036 3097 10
1055 3043 1153 3112 attigit

134 3115 175 3166 ed.
187 3132 231 3182 pr.
252 3114 369 3184 attingit
387 3117 414 3168 A
437 3117 445 3183 ll
469 3122 500 3168 11
521 3115 664 3169 corticulis
683 3117 710 3170 A
730 3115 863 3169 articulos
882 3117 921 3170 ed.
933 3133 978 3184 pr.
1005 3118 1008 3184 ι
1033 3115 1063 3167 in
1082 3114 1152 3168 locis

134 3201 282 3239 nervorum
300 3185 359 3238 ullo
377 3186 461 3240 modo
480 3187 510 3239 in
529 3185 626 3255 aliqua
644 3205 671 3256 p.
687 3203 709 3239 c.
724 3205 751 3256 p.
767 3189 794 3242 P
811 3189 820 3255 ll
839 3192 872 3239 12
892 3187 1018 3240 cauteria
1036 3189 1063 3240 A
1080 3188 1084 3249 l
1101 3187 1152 3239 im-

134 3273 223 3324 ponas
241 3258 281 3311 ed.
296 3275 342 3325 pr.
357 3260 385 3313 A
402 3261 405 3326 Ι
422 3257 523 3311 adusto
543 3273 565 3311 e.
581 3273 664 3312 nervo
683 3258 727 3311 vel
741 3256 861 3312 articulo
875 3261 903 3312 P
928 3262 936 3326 ΙΙ
961 3264 994 3311 14
1012 3260 1045 3311 ut
1058 3261 1108 3311 aut
1124 3301 1151 3312 ..

136 3330 593 3456 aspratatlrau
612 3331 783 3455 uss
803 3329 895 3454 *ss*
913 3329 1153 3456 tuirstat

135 3471 162 3523 A
176 3472 185 3537 l
198 3417 317 3551 idun
337 3471 419 3552 creso
435 3471 507 3525 albis
522 3441 550 3526 A
569 3405 641 3525 aliis
656 3419 739 3527 segeno
756 3443 795 3528 ai
807 3418 947 3542 phidus
966 3406 1089 3528 irtacum
1108 3473 1152 3530 vu

135 3543 275 3609 tymmum
292 3543 319 3596 L
333 3545 342 3612 ll
357 3548 391 3595 20
409 3559 439 3595 m
457 3559 481 3596 v.
501 3545 541 3598 ed.
551 3560 596 3612 pr.
612 3544 640 3596 P
652 3561 703 3598 ona
717 3545 745 3599 A
758 3546 768 3613 ΙΙ
787 3550 818 3598 21
836 3543 919 3597 multi
937 3560 1001 3598 vero
1021 3546 1054 3598 st.
1075 3543 1152 3608 suilli

134 3629 155 3664 r.
171 3614 199 3666 P
218 3616 221 3681 Ι
247 3611 303 3666 mel
317 3614 443 3666 Atticum
458 3631 522 3668 cum
535 3631 559 3668 v.
570 3615 611 3669 ed.
621 3632 664 3684 pr.
676 3617 704 3669 A
717 3618 727 3688 [Ι
741 3621 774 3672 23
784 3615 888 3688 *addito
902 3615 972 3670 lotio
989 3615 1112 3670 hominis
1126 3617 1153 3672 P
