2952 3922
511 183 653 239 MVLOM.
671 185 711 238 IV
729 192 745 238 9
1071 184 1137 249 283

116 354 234 414 fastidit
264 357 415 432 ignotum,
451 356 549 431 primo
582 354 642 414 cibi
674 357 884 432 asperguntur3
919 354 1024 413 deinde
1058 373 1136 431 aqua

116 445 224 522 exigua
259 447 396 521 portione
433 443 611 518 medicatur,
648 443 687 502 ad
722 445 864 503 ultimum
899 445 967 519 pari
998 462 1137 503 mensura

116 535 257 592 miscetur
280 535 311 592 et
333 550 426 608 usque
451 533 488 592 ad
511 534 702 592 saturitatem
725 531 895 592 sitientibus
920 532 1016 591 datur.
1059 532 1136 602 Quo·
1154 534 1194 591 12

117 640 231 699 cunque
255 624 356 681 autem
377 624 511 698 tempore
535 620 587 682 sed
608 623 737 680 maxime
761 623 883 696 aestate,
907 623 933 681 si
955 622 1044 682 boves
1068 640 1136 681 con·

88 711 247 771 scitentur
265 710 303 770 ad
321 730 449 785 cursum,
472 713 525 770 aut
544 711 628 770 alvus
647 730 750 769 eorum
773 710 812 770 ad
829 712 992 786 perniciem
1011 711 1138 770 solvitur

117 802 170 859 aut
191 801 353 859 febriculae
377 803 608 860 commoventur.
649 800 767 872 Natura
794 801 874 858 enim
896 802 1017 878 pigrum
1041 803 1071 858 et
1093 800 1136 858 la·

115 890 182 948 bori
203 892 304 965 potius
328 908 419 966 quam
442 890 597 949 velocitati
620 889 843 948 accommodum
863 889 1054 948 vehementer
1076 889 1136 947 lae·

116 979 205 1053 ditur,
236 978 324 1038 siad
347 997 420 1054 opus
441 981 568 1056 cogatur
590 980 749 1037 insuetum.
791 977 994 1038 Periculosum
1017 996 1136 1054 quoque
1154 979 1193 1036 13

116 1071 168 1142 est,
192 1070 218 1127 si
241 1066 280 1126 ad
302 1070 459 1144 praesepia
487 1086 553 1128 sues
578 1070 630 1126 aut
657 1068 788 1145 gallinae
813 1069 1011 1143 pervenerint.
1056 1067 1137 1127 Num

76 1178 102 1216 ro
115 1157 169 1216 bos
193 1174 261 1214 cum
288 1157 419 1233 gallinae
448 1156 551 1214 fimum
581 1158 661 1215 inter
690 1156 802 1232 pabula
829 1158 1002 1232 sumpserit,
1032 1157 1137 1216 statim

116 1247 209 1304 nimio
233 1247 346 1306 ventris
377 1246 477 1305 dolore
507 1248 665 1321 torquetur
692 1245 874 1319 inflatusque
901 1247 1036 1305 moritur.
1079 1244 1137 1303 Oui

115 1335 171 1393 hac
193 1336 311 1393 ratione
339 1336 471 1394 succurri
494 1336 646 1395 convenit:
675 1335 738 1410 apii
765 1336 886 1394 seminis
914 1352 979 1392 unc.
999 1333 1046 1392 111
1069 1353 1136 1393 cum

115 1423 180 1481 vini
203 1426 274 1482 sext.
294 1442 316 1482 s.
337 1426 367 1481 et
384 1423 415 1481 11
438 1424 489 1482 lib.
513 1424 610 1482 mellis
629 1425 802 1483 commisces
822 1426 852 1482 et
874 1423 1010 1500 tepidum
1032 1441 1136 1499 peres

115 1512 261 1571 diffundes
280 1530 315 1572 ac
328 1515 392 1572 tam
413 1511 465 1570 diu
484 1513 636 1572 ambulare
655 1513 809 1588 compellis
829 1515 859 1571 et
877 1513 1022 1572 confricas
1041 1514 1136 1571 mani·

75 1620 101 1660 15
115 1601 171 1662 bus
189 1602 396 1678 plurimorum,
415 1602 507 1662 donec
525 1605 660 1661 ventrem
678 1603 762 1678 potio
780 1604 908 1661 moveat.
947 1601 1045 1678 cyphi
1064 1620 1136 1677 quo·
1152 1601 1193 1659 14

1 1690 3 1699 '
116 1710 173 1765 que
197 1708 264 1749 cum
291 1691 361 1750 vino
385 1690 516 1750 deterere
547 1694 577 1750 et
605 1711 660 1768 per
687 1709 719 1751 os
742 1691 813 1750 dare
844 1690 975 1750 creditur
1005 1692 1136 1750 salutare

115 1779 287 1839 remedium.
333 1779 485 1848 Lixivium
515 1800 632 1858 quoque
660 1799 694 1838 ex
725 1779 829 1840 arbore
859 1780 934 1839 ulmi
964 1781 1012 1839 vel
1039 1781 1136 1838 ouius-

115 1887 230 1943 cunque
259 1869 374 1947 generis
401 1870 478 1947 ligni
506 1871 647 1943 cinerem,
678 1869 837 1930 dummodo
867 1869 940 1928 bene
964 1869 1135 1943 cribratum,

116 1976 183 2016 oum
206 1959 271 2017 oleo
299 1960 422 2018 miscere
450 1962 480 2017 et
501 1959 651 2034 liquidum
679 1977 714 2017 nc
736 1959 873 2034 tepidum
896 1958 1069 2016 diffundere*
1083 1976 1137 2033 per

74 2063 101 2104 so
116 2047 215 2105 fauces
239 2046 387 2106 adversus
417 2050 529 2106 stercus
558 2048 709 2122 pullinum
734 2047 898 2123 plurimum
927 2047 1055 2123 prodest.
1103 2045 1135 2103 Si
1151 2046 1191 2104 15

116 2136 216 2192 autem
238 2137 395 2209 porcinum
422 2138 535 2197 stercus
562 2136 615 2195 bos
639 2136 840 2210 devoraverit,
868 2137 972 2194 statim
994 2135 1136 2211 pestilen-

115 2224 190 2282 tiam
220 2226 408 2301 contagionis
442 2223 524 2284 illius
554 2225 644 2284 melei
678 2227 806 2284 sustinet
836 2225 939 2284 morbi.
983 2223 1041 2293 Qui
1068 2243 1136 2284 cum

115 2313 205 2372 semel
227 2314 260 2370 in
284 2332 403 2391 gregem
422 2313 470 2373 vel
488 2316 691 2372 armentorum
711 2315 759 2373 vel
781 2314 963 2374 domitorum
980 2315 1136 2373 incesserit

114 2403 323 2476 iumentorum,
347 2402 451 2461 statim
470 2402 570 2462 omnia
588 2404 741 2477 animalia,
765 2422 841 2480 quae
860 2403 908 2462 vel
925 2403 1022 2462 levem
1040 2405 1135 2479 suspi-

116 2648 166 2697 149
187 2577 207 2696 3ὃ
223 2569 280 2625 Col.
297 2571 335 2625 VI
353 2577 417 2639 5,1.
505 2579 537 2626 11
558 2571 593 2626 cf.
608 2571 678 2642 Veg.
692 2573 718 2625 ΙΙ
739 2578 798 2639 149,
813 2579 837 2626 9.
922 2578 955 2626 15
975 2573 1010 2628 cf.
1024 2572 1094 2643 Veg.
1109 2573 1135 2625 11

188 2791 202 2839 1
222 2785 354 2839 fastidiat
367 2787 407 2842 ed.
418 2803 464 2856 pr.
479 2787 540 2841 ΑΡ
554 2790 558 2856 1
574 2785 654 2840 cibus
669 2789 836 2857 aspergatur
850 2788 878 2840 P
889 2790 898 2856 11
912 2793 928 2839 9
942 2785 1022 2855 potio
1036 2787 1076 2840 ed.
1089 2803 1134 2853 pr.

116 2859 143 2912 A
160 2857 277 2926 potione
292 2860 320 2912 P
330 2869 398 2912 corr.
416 2858 470 2913 Ool.
488 2860 492 2926 1
508 2857 571 2926 pari
585 2859 613 2912 P
627 2858 682 2913 Col.
697 2875 747 2926 pro
766 2859 806 2912 eol.
821 2875 863 2926 pr.
882 2873 934 2926 per
949 2860 977 2912 A
991 2859 1000 2926 11
1015 2863 1030 2909 3
1050 2858 1135 2910 satie-

115 2931 203 2983 tatem
222 2931 250 2983 P
271 2931 280 2997 11
303 2935 318 2981 6
337 2928 447 2982 Natura
466 2928 573 2982 animal
590 2947 617 2998 p.
634 2931 662 2983 P
684 2931 688 2998 1
710 2930 807 2984 labore
825 2931 853 2985 A
874 2932 882 2999 11
903 2933 919 2981 8
938 2947 965 2998 p.
986 2931 1029 2982 est
1047 2929 1134 2982 etiam

115 3003 143 3054 P
155 3002 194 3068 119
214 3001 381 3069 perveniunt
399 3000 496 3069 111111
517 2999 658 3068 inflatusq.
677 3001 740 3070 ipsa
758 3001 828 3054 hora
846 3000 973 3066 moritur,
993 3000 1018 3052 si
1037 2999 1135 3053 statim

114 3071 169 3125 hac
193 3088 215 3124 r.
235 3087 292 3124 non
317 3072 455 3125 succurris
474 3074 502 3126 P
535 3074 544 3140 11
579 3077 612 3124 19
639 3088 703 3125 curn
727 3071 785 3125 vini
806 3073 868 3126 Ibm
894 3073 932 3126 ad
952 3073 1009 3126 Pel.
1029 3089 1051 3125 c.
1072 3075 1134 3137 137,

114 3142 222 3195 cumini
237 3144 341 3214 5919511
356 3148 388 3196 13
408 3144 437 3196 et
451 3142 560 3196 duabus
575 3144 603 3197 A
622 3160 686 3196 cnm
705 3143 815 3196 duabus
829 3145 858 3197 P
874 3144 904 3198 et
922 3142 991 3196 dues
1009 3143 1050 3197 ed.
1061 3159 1106 3212 pr.

114 3214 248 3276 misceP
277 3215 286 3282 11
320 3220 353 3268 14
375 3212 507 3267 infundes
530 3214 570 3267 ed.
586 3213 631 3283 pr.
666 3217 670 3283 1
704 3214 872 3284 compellere
894 3215 922 3267 et
945 3212 1061 3267 fricetur
1082 3216 1110 3268 P

117 3290 149 3338 15
168 3285 244 3355 gisni
258 3285 298 3339 ed.
311 3303 354 3354 pr.
372 3286 399 3339 A
418 3285 713 3354 cyphi—remedium
731 3302 781 3340 om.
797 3288 825 3340 P
836 3287 845 3354 11
861 3290 893 3339 17
912 3284 1005 3338 velex
1024 3301 1047 3338 c.
1061 3284 1134 3354 ligni

114 3356 208 3410 cinere
222 3358 250 3410 P
270 3359 279 3426 11
304 3362 337 3410 18
357 3357 510 3411 cribratum
524 3358 552 3410 P
569 3359 678 3410 coctum
694 3357 734 3411 ed.
746 3374 790 3427 pr.
806 3358 856 3426 An
872 3361 904 3410 19
923 3356 1043 3410 mixtum
1061 3359 1090 3410 et
1105 3398 1134 3411 ..

115 3425 249 3481 diffusum
269 3429 366 3481 contra
383 3430 417 3482 st.
428 3430 456 3482 P
467 3431 476 3498 11
491 3432 524 3482 90
539 3426 679 3496 pullicum
697 3445 747 3483 om.
763 3429 908 3498 edprAfl
922 3433 955 3481 91
971 3425 1135 3497 pestilentia

115 3498 290 3568 contangioli
308 3499 385 3553 illius
404 3498 501 3552 mallei
519 3501 548 3554 P
564 3499 650 3553 solius
673 3501 714 3553 ed.
725 3517 769 3569 pr.
785 3501 813 3554 A
827 3501 836 3568 11
850 3505 884 3552 94
904 3498 947 3552 vel
966 3516 1016 3554 om.
1036 3498 1077 3554 ed
1089 3517 1133 3568 pr.

116 3571 143 3624 A
159 3571 164 3638 1
180 3586 255 3639 susp.
275 3569 399 3640 langoris
419 3572 446 3623 P
