2682 3920
490 247 631 302 MVLOM.
650 247 677 302 Π
694 253 800 303 60-62
1091 249 1154 314 153

140 421 259 476 cautere
293 419 323 476 et
344 418 504 493 praecipue
535 418 659 492 cuprinc
693 417 869 492 aperiendus
901 420 959 493 est,
991 421 1026 476 ut
1058 420 1156 478 sanies

141 526 231 582 quam
254 506 424 583 collegerat,
447 508 600 583 egeratur:
622 507 695 565 tunc
716 505 862 566 curandus
886 508 940 581 est,
963 509 1042 565 sicut
1064 509 1156 568 moris

141 599 186 655 est
215 597 284 655 usta
316 595 421 654 curari.
468 593 527 652 Sed
559 595 741 654 commodius
774 597 819 654 est
850 596 1076 670 pulmuneulum
1107 596 1156 656 de·

141 686 283 744 cassatim
305 684 384 743 ferro
408 701 507 744 secare
530 685 560 742 et
583 685 719 758 eximere,
741 684 786 743 ita
809 686 844 742 ut
865 683 974 760 pellem
998 684 1158 744 adrnodum
1248 710 1250 713 ·

1 760 4 782 '
114 772 268 847 srecidas,
290 792 337 850 ne,
362 791 428 831 cum
451 773 620 832 cicatricem
643 772 773 847 duxerit,
796 774 968 832 inveniatur
991 772 1156 848 epidermis.

141 858 256 939 Oleum,
280 864 396 921 acetum
420 862 450 920 et
473 862 565 922 salem
587 863 727 921 continuo
751 861 835 920 addis
858 863 891 919 in
913 861 1044 938 plagam,
1068 864 1098 922 ct
1119 864 1191 922 nai

140 951 250 1010 nimius
273 951 395 1027 sanguis
419 952 570 1025 erumpat,
593 953 705 1009 stercus
728 950 822 1026 ipsius
843 950 960 1009 vrdneri
983 951 1157 1026 superponis

140 1041 171 1098 et
194 1038 363 1118 colligabis3
387 1037 434 1097 die
456 1040 576 1113 postero
600 1039 674 1097 folia
693 1039 824 1097 caulium
841 1041 929 1098 tunsa
949 1056 1016 1098 cum
1039 1039 1104 1098 oleo
1127 1040 1158 1097 et

141 1131 224 1188 aceto
242 1121 438 1203 imponuntur
455 1145 509 1201 per
527 1125 589 1186 dies
608 1127 644 1184 V.
693 1123 766 1186 Cum
784 1129 846 1186 iam
865 1127 970 1187 ducere
989 1128 1158 1186 cicatricem

100 1237 127 1275 ro
142 1217 282 1293 coeperit,
304 1216 384 1291 lycio
407 1215 569 1274 curabitur.

425 1421 540 1487 rxrr.
564 1419 602 1487 a·
624 1422 737 1487 aaa
757 1424 871 1504 faena

209 1550 241 1610 Si
250 1570 321 1610 vero
331 1550 435 1610 fecerit
443 1552 560 1626 vulnus,
569 1550 737 1630 indulgebis
748 1555 851 1627 otium,
865 1555 900 1611 ut
909 1551 1082 1629 diligentius
1109 1563 1182 1605 11162
1193 1562 1261 1604 Schn-

142 1643 261 1700 curetur
291 1643 321 1699 et
350 1642 469 1716 recepta
499 1641 612 1700 sanitas
643 1640 832 1701 confirmetur
858 1641 996 1715 indutiis,
1013 1659 1080 1700 nec
1102 1641 1158 1700 im·

130 1728 294 1806 ponendus
318 1731 363 1789 est
383 1728 476 1804 labor,
500 1731 553 1805 qui
571 1730 721 1789 rescindat
743 1729 838 1789 adhuc
856 1733 973 1789 teneras
996 1731 1157 1789 cicatrices.

102 1837 127 1878 rs
143 1817 273 1890 Sanctum
296 1821 396 1882 autem
418 1819 515 1893 ulcus,
546 1819 582 1876 si'
601 1818 698 1905 gallaa
728 1817 867 1894 Syriacas
897 1818 1065 1878 combustas
1090 1837 1157 1877 cum

140 1907 228 1966 melle
258 1907 491 1983 superimponas.
543 1906 682 1966 Pulveres
713 1925 830 1983 quoque
861 1909 1004 1967 corticum
1033 1909 1099 1982 pini
1127 1910 1158 1966 et

141 1995 244 2054 florem
258 1995 346 2056 calcis
364 1997 451 2055 vivae
467 2013 561 2070 aequo
575 1996 705 2072 pondere
726 1995 863 2056 miscebis
877 1999 908 2056 ct
920 1995 1093 2056 vulneribus
1111 1997 1156 2054 in·

141 2086 263 2162 spargis.
309 2083 423 2142 Pilulas
453 2102 571 2159 quoque
602 2087 733 2160 cupressi
760 2081 875 2145 tunsas¹
895 2087 926 2144 et
954 2084 1098 2143 cribratus
1127 2086 1190 2143 eti

143 2172 265 2232 cortices
299 2189 422 2247 quercus
454 2171 542 2230 tritos
575 2175 605 2231 et
636 2175 668 2230 in
700 2174 853 2248 pulverem
884 2173 1019 2232 redactos
1051 2173 1157 2232 mittis.

102 2280 129 2319 ro
142 2260 302 2318 Praeterea
325 2277 392 2319 ossa
410 2261 560 2334 sepiarum
579 2263 609 2320 et
626 2263 720 2322 testas
739 2263 831 2321 etiam
849 2265 1015 2321 ostrearum
1037 2263 1069 2319 in
1091 2261 1158 2336 pul·

142 2367 242 2407 vorem
271 2347 387 2425 rediges
420 2351 450 2406 et
485 2350 564 2407 aerei
593 2369 711 2426 quoque
743 2351 823 2409 vasis
856 2351 1012 2429 fuliginem
1044 2351 1158 2425 pariter

142 2436 294 2511 miscebis,
317 2455 394 2512 quae
416 2436 490 2495 bene
512 2439 602 2496 tunsa
628 2440 655 2496 si
677 2439 848 2514 frequenter
871 2440 1043 2514 asperseris,
1066 2439 1158 2498 sicca·

141 2528 208 2584 tum
230 2525 339 2583 virinus
361 2525 449 2584 ducet
471 2525 595 2584 celerius
618 2527 794 2586 cicatricem.

182 2753 247 2872 uzi
266 2746 324 2801 Pel.
340 2763 363 2801 c.
379 2752 439 2801 164.
495 2752 528 2800 16
547 2746 604 2800 Pel.
621 2764 644 2801 c.
660 2752 719 2801 165.
776 2754 809 2802 19
823 2747 881 2802 Pel.
897 2765 920 2802 c.
937 2754 996 2804 174.
1052 2755 1083 2803 21
1099 2748 1157 2803 Pol.

142 2835 165 2872 c.
236 2862 240 2872 .

215 3036 230 3084 2
250 3046 323 3098 quae
342 3029 524 3084 collecturam
542 3029 642 3084 fecerit
659 3031 770 3100 ΑΡ113
790 3031 969 3086 decussatum
986 3033 1047 3087 ΑΡ
1058 3033 1098 3101 114
1116 3032 1158 3086 ita

142 3118 193 3156 om.
208 3102 270 3156 AP
281 3104 290 3172 11
304 3107 320 3154 o
334 3099 481 3170 praecidas
496 3102 536 3156 cd.
543 3119 588 3172 pr.
606 3102 610 3172 1
626 3102 786 3170 epidarmus
797 3104 824 3157 A
838 3104 878 3158 ed.
887 3121 931 3172 pr.
947 3105 956 3173 11
971 3107 985 3156 7
1001 3101 1093 3156 minus
1107 3104 1135 3157 A
1151 3103 1155 3175 1

143 3171 348 3298 ppplerplmppnis
363 3175 391 3228 P
402 3174 411 3241 11
425 3178 442 3227 8
457 3172 503 3226 die
517 3173 658 3242 postremo
669 3174 729 3228 ΑΡ
740 3175 852 3242 postero
867 3173 924 3229 Pel.
939 3174 1023 3228 tertio
1037 3175 1078 3228 ed.
1089 3191 1133 3242 pr.
1148 3174 1159 3246 11

207 3260 292 3368 013⁰et
305 3331 362 3368 cur.
373 3316 401 3369 P
412 3316 421 3382 11
436 3320 470 3367 14
483 3315 619 3368 rescindit
631 3316 660 3368 et
669 3311 734 3370 adh.
745 3316 773 3369 P
784 3316 793 3384 11
808 3320 841 3368 15
856 3317 971 3369 sanatur
981 3332 1062 3370 omne
1071 3333 1098 3370 u.
1110 3317 1138 3371 P
1148 3315 1160 3388 11

144 3390 176 3438 16
197 3399 368 3454 superponas
387 3402 420 3440 aa
438 3402 480 3439 -es
495 3386 522 3439 A
538 3385 542 3456 1
558 3386 701 3454 pulverem
719 3387 747 3440 P
758 3387 814 3454 1117
833 3385 884 3440 flos
902 3388 974 3456 culp.
991 3389 995 3456 1
1011 3386 1108 3456 inapar
1128 3403 1158 3440 os

143 3456 171 3510 P
182 3457 191 3524 11
206 3461 239 3509 19
259 3457 392 3510 corticem
410 3474 436 3525 q.
456 3457 555 3510 tritum
574 3459 603 3510 et
618 3500 623 3512 .
640 3500 645 3510 .
660 3457 807 3511 redactum
821 3458 849 3511 P
860 3459 870 3528 11
884 3462 917 3510 20
936 3459 965 3510 et
983 3473 1033 3512 om.
1048 3460 1076 3511 P
1090 3459 1094 3525 1
1108 3405 1159 3511 ἱε-

144 3525 262 3579 stiarum
276 3528 302 3580 A
316 3528 326 3596 11
340 3532 372 3579 21
394 3530 423 3581 et
437 3527 524 3599 aerei]
539 3545 573 3583 ex
587 3529 659 3582 aeris
674 3529 735 3582 AP
748 3527 752 3599 1
768 3544 833 3581 vase
847 3529 875 3582 A
891 3529 895 3602 1
913 3533 945 3581 22
965 3527 1116 3597 asperserit
1129 3528 1157 3582 A
