2684 3926
642 241 776 296 VEGETI

423 477 527 542 CXX.
551 474 601 540 Dc
624 477 743 541 icterico
766 477 787 540 i.
812 476 1000 557 clbapiaoso.

91 601 237 696 {Tlssg‘gffin
283 607 402 666 Icterici
433 607 492 666 ista
526 610 596 666 sunt
628 609 728 685 signa:
765 605 845 664 oculi
879 604 1002 679 virides,
1039 604 1075 663 de
1110 604 1220 679 quibus

234 697 357 773 profluit
381 695 530 773 lippitudo
559 695 597 754 ad
628 695 854 756 similitudinem
882 694 983 753 fabae:
1011 692 1141 753 durescit
1171 712 1219 752 co-

200 789 292 860 rium,
323 785 358 844 fit
386 786 524 844 horridus
554 784 647 859 pilus,
677 784 845 860 insequitur
875 784 1030 860 fatigatio,
1062 781 1219 841 ambulans

166 875 324 952 2genibus
343 874 531 934 claudicabit.
568 874 624 933 His
643 877 767 933 sanatur
785 873 921 931 medelis:
943 874 1066 947 panacis
1087 871 1219 931 radicem
1248 885 1274 932 s*

201 969 231 1023 et
253 965 316 1040 apii
339 963 459 1023 seminis
487 964 619 1040 singalas
647 963 740 1022 libras
769 961 943 1022 contundite
972 963 1062 1036 atque
1088 961 1218 1020 cribrato

200 1057 320 1112 etcum
348 1053 445 1112 mellis
468 1051 563 1110 Attici
590 1052 668 1110 libra
695 1053 832 1126 misceto,
862 1054 934 1108 tnnc
964 1069 1074 1126 aquae,
1103 1052 1135 1108 in
1158 1068 1219 1126 qua

199 1142 297 1218 lupini
313 1142 398 1200 crudi
414 1141 529 1200 decocti
543 1142 664 1215 fuerint,
681 1141 809 1200 sextario
834 1159 868 1198 ex
882 1139 1098 1198 medicamento
1115 1157 1218 1214 supra-

200 1233 311 1306 scripto
335 1234 465 1306 quatuor
484 1229 629 1289 coclearia
652 1230 789 1289 miscebis
813 1229 892 1287 etin
915 1231 1036 1303 potione
1057 1226 1141 1287 debis
1164 1246 1219 1302 per

166 1323 183 1378 3
200 1320 262 1378 dies
281 1319 317 1378 V.
356 1319 388 1378 Si
405 1319 521 1378 tardius
541 1319 674 1393 adiuvat,
697 1319 760 1378 vini
779 1321 851 1378 sext.
870 1317 917 1376 HI
935 1318 967 1376 in
985 1317 1117 1392 pultario
1140 1335 1261 1377 novom

200 1412 229 1467 et
253 1411 352 1468 canini
381 1411 518 1468 stercoris
547 1408 609 1467 albi
636 1427 701 1466 unc.
720 1407 767 1466 HI
790 1408 952 1465 admisceto
979 1409 1009 1464 at
1030 1408 1135 1480 ponito
1164 1405 1218 1464 sub

200 1498 278 1572 divo,
302 1517 337 1556 ex
361 1517 421 1574 qua
439 1500 561 1573 potione
580 1497 607 1552 V
631 1497 734 1556 diebus
753 1517 807 1572 per
833 1515 865 1555 os
889 1496 1013 1573 digeres.
1059 1495 1218 1553 Praeterea

200 1606 322 1662 aquam,
346 1589 377 1645 in
401 1605 460 1662 qua
484 1589 560 1646 cicer
583 1585 737 1645 decoctum
760 1587 864 1660 fucrit,
889 1587 919 1642 et
942 1587 1056 1642 stercus
1079 1585 1218 1643 caninum

199 1675 290 1734 simili
313 1679 430 1735 ratione
454 1674 616 1751 praebebis.

267 1880 268 1883 ’
357 1881 480 1946 CXXI.
505 1882 555 1946 De
577 1883 734 1964 strophoso
758 1883 779 1944 c'.
803 1884 841 1946 de
864 1882 1055 1945 tortioniba.
1233 1908 1259 1946 15

89 2006 237 2103 Ῑῆἓῖῦξζὲῃ·
285 2012 442 2088 Strophosi
474 2012 608 2071 diversae
644 2030 752 2071 causae
785 2014 816 2069 et
847 2011 981 2070 diversae
1014 2013 1084 2069 sunt
1119 2029 1216 2068 curae.

238 2101 328 2161 Ouios
342 2103 401 2160 ista
416 2105 486 2160 sunt
505 2101 603 2178 signa:
626 2100 823 2175 volutabitur,
843 2101 977 2176 patietur
994 2101 1149 2173 tortiones,
1163 2100 1218 2157 ilia

199 2191 257 2250 sibi
287 2190 422 2267 respicit,
460 2193 571 2249 stercus
604 2190 711 2248 durum
745 2190 916 2262 assaliatur,
948 2192 1061 2246 terram
1093 2187 1217 2264 pedibus

271 2349 286 2394 2
306 2341 379 2396 Chir.
395 2360 418 2396 c.
434 2348 494 2394 412.
571 2347 602 2394 10
623 2339 696 2394 Chir.
712 2358 734 2394 c.
750 2346 810 2394 413.
886 2347 918 2394 16
938 2338 1011 2393 Chir.
1028 2357 1050 2393 c.
1067 2346 1126 2394 414.

271 2490 284 2537 1
306 2485 323 2537 i.
340 2484 394 2538 alb.
410 2501 460 2538 om.
476 2483 516 2537 ecl.
528 2501 572 2552 pr.
588 2485 615 2537 A
631 2484 665 2535 de
679 2483 803 2549 ycterico
817 2483 956 2552 buginoso
966 2485 1008 2548 P,·
1020 2485 1121 2536 rectior
1135 2498 1218 2534 auru-

199 2557 298 2694 Ab}
313 2555 602 2694 ticinasci
616 2554 970 2694 biniieifbbiiaii
988 2553 1218 2678 3111111119ῗέ

199 2697 277 2751 Haec
296 2700 339 2752 est
357 2713 424 2751 cura
439 2699 465 2763 l}
483 2695 625 2750 medullae
638 2695 743 2750 radicis
757 2715 785 2764 p.
801 2699 829 2750 P
843 2701 847 2764 Ι
863 2712 928 2764 pan.
946 2697 1005 2749 rad.
1021 2697 1048 2750 L
1063 2695 1135 2750 cair.
1152 2711 1216 2764 pan.

200 2768 332 2837 Syriatici
350 2771 390 2824 ed.
407 2786 451 2836 pr.
472 2771 499 2822 A
531 2771 540 2836 11
573 2771 667 2822 fitero
691 2770 719 2820 et
742 2767 835 2821 cribra
858 2769 887 2821 et
910 2767 996 2822 misce
1020 2784 1084 2820 cum
1102 2785 1139 2819 m.
1159 2765 1218 2819 albi

198 2841 272 2894 libre
286 2841 314 2894 P
330 2843 339 2910 ΙΙ
359 2846 373 2892 1
389 2840 462 2893 libra
477 2839 516 2892 ed.
529 2857 573 2907 pr.
585 2840 645 2893 AP
659 2839 732 2894 Cher.
748 2838 826 2892 selib.
842 2841 869 2892 L
890 2840 894 2909 Ι
914 2841 983 2892 tnnc
997 2855 1047 2892 om.
1059 2839 1086 2890 P
1101 2837 1218 2891 misceto

200 2930 264 2966 cum
287 2928 361 2980 aqua
379 2911 409 2964 in
432 2927 488 2978 qua
507 2912 534 2964 L
554 2925 644 2977 aquae
666 2908 717 2963 ubi
736 2911 764 2962 P
781 2926 856 2978 aqua
878 2910 908 2962 in
928 2926 984 2977 qna
1002 2911 1029 2963 A
1061 2911 1070 2979 ΙΙ
1102 2911 1167 2962 8et
1185 2925 1219 2962 ex

200 2984 277 3052 ΕΡ)
294 2983 423 3052 superius
447 2981 588 3050 descripto
607 2982 647 3036 ed.
659 2998 703 3049 pr.
724 2983 751 3035 A
771 2981 899 3050 superius
923 2981 1028 3050 scripto
1047 2982 1095 3049 Pu
1114 2986 1129 3033 9
1150 2979 1217 3034 cccl.

199 3055 255 3109 tria
280 3055 351 3110 cher.
393 3056 396 3122 1
435 3053 579 3122 potionem
602 3054 629 3106 L
656 3055 726 3121 potu
749 3053 776 3105 P
816 3056 820 3121 Ι
863 3069 914 3120 per
941 3052 1017 3105 diem
1044 3068 1106 3104 unc.
1127 3051 1140 3103 I
1162 3053 1190 3105 P
1210 3052 1219 3121 ἷξ

201 3133 233 3180 10
260 3127 284 3180 si
309 3128 330 3180 t.
358 3123 486 3179 ambulat
511 3126 539 3177 P
565 3123 588 3176 si
615 3126 635 3176 t.
663 3123 791 3177 ambulet
818 3123 934 3176 adiuvat
957 3126 984 3178 L
1012 3123 1036 3175 ei
1063 3122 1218 3176 tardaveris

200 3198 317 3280 adiuvat
331 3199 359 3251 A
371 3199 381 3279 fl
396 3203 428 3248 11
445 3199 474 3249 et
487 3213 538 3250 om.
552 3197 591 3248 cd.
600 3212 644 3262 pr.
660 3196 710 3277 4¹¹
726 3200 758 3247 12
778 3211 900 3278 quaem.
911 3197 937 3249 L
951 3211 985 3248 cx
999 3211 1054 3263 quo
1064 3196 1093 3248 P
1104 3199 1117 3276 11
1128 3199 1160 3246 13
1176 3211 1218 3263 pr.

200 3284 435 3394 serraca
449 3268 609 3392 cessere.
621 3266 1088 3406 carissimas
1102 3281 1218 3391 ca

201 3427 250 3462 cus
270 3427 291 3462 c.
313 3410 461 3463 decoctum
479 3409 566 3463 fuerit
585 3408 716 3462 similiter
735 3408 816 3462 dabis
835 3411 863 3461 P

274 3485 306 3532 15
326 3480 441 3548 stropho
460 3482 500 3534 ed.
512 3497 556 3548 pr.
573 3481 633 3534 ΑΡ
662 3482 670 3548 14
705 3486 737 3532 16
757 3479 866 3546 strophi
883 3479 925 3532 cd.
938 3496 981 3546 pr.
996 3481 1024 3533 A
1043 3478 1173 3546 atrophos
1193 3480 1218 3531 L

201 3550 341 3618 strophosi
360 3553 406 3618 Pi
423 3551 477 3604 div.
498 3551 564 3604 sunt
582 3565 684 3603 causae
703 3552 732 3602 et
751 3565 834 3604 curae
848 3551 876 3603 P
888 3552 897 3618 ΙΙ
913 3555 944 3602 11
964 3549 1102 3603 torsiones
1121 3550 1161 3602 ed.
1173 3566 1217 3617 pr.

201 3624 228 3675 A
242 3623 251 3689 ΙΙ
266 3625 299 3673 18
319 3621 435 3674 assellat
453 3623 493 3676 ed.
505 3639 548 3688 pr.
565 3623 626 3674 ΑΡ
